Ask,AVolume,Bid,BVolume,Exchange,Ticker,TimeStamp,Spread
298.84,0.37,298.66,0.47,BitMart,BNB/USDT,2022-11-09T11:11:25.510Z,0.18
298.85,0.16,298.65,0.4,BitMart,BNB/USDT,2022-11-09T11:11:25.510Z,0.2
298.87,0.28,298.64,0.23,BitMart,BNB/USDT,2022-11-09T11:11:25.510Z,0.23
298.9,0.25,298.62,0.44,BitMart,BNB/USDT,2022-11-09T11:11:25.510Z,0.28
298.91,0.39,298.61,0.29,BitMart,BNB/USDT,2022-11-09T11:11:25.510Z,0.3
298.94,0.12,298.6,0.21,BitMart,BNB/USDT,2022-11-09T11:11:25.510Z,0.34
298.95,0.22,298.59,0.56,BitMart,BNB/USDT,2022-11-09T11:11:25.510Z,0.36
298.97,0.47,298.58,0.18,BitMart,BNB/USDT,2022-11-09T11:11:25.510Z,0.39
298.98,0.4,298.57,0.24,BitMart,BNB/USDT,2022-11-09T11:11:25.510Z,0.41
299,0.24,298.55,0.57,BitMart,BNB/USDT,2022-11-09T11:11:25.510Z,0.45
299.01,0.5,298.54,0.46,BitMart,BNB/USDT,2022-11-09T11:11:25.510Z,0.47
299.03,0.51,298.52,0.28,BitMart,BNB/USDT,2022-11-09T11:11:25.510Z,0.51
299.04,0.52,298.51,0.49,BitMart,BNB/USDT,2022-11-09T11:11:25.510Z,0.53
299.06,0.25,298.49,0.5,BitMart,BNB/USDT,2022-11-09T11:11:25.510Z,0.57
299.08,0.56,298.48,0.4,BitMart,BNB/USDT,2022-11-09T11:11:25.510Z,0.6
299.09,0.45,298.47,0.54,BitMart,BNB/USDT,2022-11-09T11:11:25.510Z,0.62
299.1,0.44,298.46,0.57,BitMart,BNB/USDT,2022-11-09T11:11:25.510Z,0.64
299.12,0.37,298.45,0.57,BitMart,BNB/USDT,2022-11-09T11:11:25.510Z,0.67
299.13,0.43,298.43,0.39,BitMart,BNB/USDT,2022-11-09T11:11:25.510Z,0.7
299.15,0.49,298.42,0.14,BitMart,BNB/USDT,2022-11-09T11:11:25.510Z,0.73
298.9206,0.116,298.5243,0.875,Gate.io,BNB/USDT,2022-11-09T11:11:37.597Z,0.3963
298.9565,0.007,298.4984,1.602,Gate.io,BNB/USDT,2022-11-09T11:11:37.597Z,0.4581
298.989,0.15,298.4346,0.004,Gate.io,BNB/USDT,2022-11-09T11:11:37.597Z,0.5544
299.0083,0.875,298.4031,1.675,Gate.io,BNB/USDT,2022-11-09T11:11:37.597Z,0.6052
299.0513,0.149,298.3401,3.497,Gate.io,BNB/USDT,2022-11-09T11:11:37.597Z,0.7112
299.0606,1.652,298.2793,1.663,Gate.io,BNB/USDT,2022-11-09T11:11:37.597Z,0.7813
299.0973,0.157,298.2759,3.489,Gate.io,BNB/USDT,2022-11-09T11:11:37.597Z,0.8214
299.1001,3.496,298.2346,1.342,Gate.io,BNB/USDT,2022-11-09T11:11:37.597Z,0.8655
299.1313,0.744,298.0106,1.505,Gate.io,BNB/USDT,2022-11-09T11:11:37.597Z,1.1207
299.1421,1.678,297.958,5.186,Gate.io,BNB/USDT,2022-11-09T11:11:37.597Z,1.1841
299.2285,5.084,297.9516,0.8,Gate.io,BNB/USDT,2022-11-09T11:11:37.597Z,1.2769
299.2938,3.489,297.9479,5.376,Gate.io,BNB/USDT,2022-11-09T11:11:37.597Z,1.3459
299.4003,1.672851,297.8958,0.17,Gate.io,BNB/USDT,2022-11-09T11:11:37.597Z,1.5045
299.4255,1.671,297.8957,7.628,Gate.io,BNB/USDT,2022-11-09T11:11:37.597Z,1.5298
299.4577,0.005,297.8846,0.075,Gate.io,BNB/USDT,2022-11-09T11:11:37.597Z,1.5731
299.4966,0.006,297.817,4.858,Gate.io,BNB/USDT,2022-11-09T11:11:37.597Z,1.6796
299.533,4.858,297.7616,6.699,Gate.io,BNB/USDT,2022-11-09T11:11:37.597Z,1.7714
299.5496,6.699,297.7203,5,Gate.io,BNB/USDT,2022-11-09T11:11:37.597Z,1.8293
299.6212,0.004,297.6721,5.381,Gate.io,BNB/USDT,2022-11-09T11:11:37.597Z,1.9491
299.6688,6.699,297.6486,0.058,Gate.io,BNB/USDT,2022-11-09T11:11:37.597Z,2.0202
299.1,0.8833,298.61,0.3345,Bitget,BNB/USDT,2022-11-09T11:11:50.810Z,0.49
299.39,0.0021,298.58,20.7059,Bitget,BNB/USDT,2022-11-09T11:11:50.810Z,0.81
299.6,0.0063,298.51,0.3346,Bitget,BNB/USDT,2022-11-09T11:11:50.810Z,1.09
299.65,0.0019,298.49,1.6751,Bitget,BNB/USDT,2022-11-09T11:11:50.810Z,1.16
299.69,1.1088,298.48,34.1224,Bitget,BNB/USDT,2022-11-09T11:11:50.810Z,1.21
299.72,1.3771,298.47,0.6172,Bitget,BNB/USDT,2022-11-09T11:11:50.810Z,1.25
299.74,0.3342,298.46,1.287,Bitget,BNB/USDT,2022-11-09T11:11:50.810Z,1.28
299.8,0.3342,298.45,0.3346,Bitget,BNB/USDT,2022-11-09T11:11:50.810Z,1.35
299.82,30.0485,298.42,8.3447,Bitget,BNB/USDT,2022-11-09T11:11:50.810Z,1.4
299.84,0.3341,298.39,1.6454,Bitget,BNB/USDT,2022-11-09T11:11:50.810Z,1.45
299.85,2.9354,298.38,89.7493,Bitget,BNB/USDT,2022-11-09T11:11:50.810Z,1.47
299.91,3.4541,298.35,40.0215,Bitget,BNB/USDT,2022-11-09T11:11:50.810Z,1.56
299.92,58.4942,298.33,0.3348,Bitget,BNB/USDT,2022-11-09T11:11:50.810Z,1.59
299.95,27.5468,298.32,24.7375,Bitget,BNB/USDT,2022-11-09T11:11:50.810Z,1.63
299.97,2.673,298.31,0.9304,Bitget,BNB/USDT,2022-11-09T11:11:50.810Z,1.66
299.98,25.2845,298.3,0.3348,Bitget,BNB/USDT,2022-11-09T11:11:50.810Z,1.68
299.99,0.9682,298.29,33.4082,Bitget,BNB/USDT,2022-11-09T11:11:50.810Z,1.7
300,25.3341,298.28,23.7419,Bitget,BNB/USDT,2022-11-09T11:11:50.810Z,1.72
300.01,32.9428,298.26,23.4703,Bitget,BNB/USDT,2022-11-09T11:11:50.810Z,1.75
300.02,39.2783,298.23,23.334,Bitget,BNB/USDT,2022-11-09T11:11:50.810Z,1.79
299.04,0.32,298.76,0.18,BitMart,BNB/USDT,2022-11-09T11:12:02.329Z,0.28
299.05,0.51,298.75,0.57,BitMart,BNB/USDT,2022-11-09T11:12:02.329Z,0.3
299.07,0.39,298.73,0.26,BitMart,BNB/USDT,2022-11-09T11:12:02.329Z,0.34
299.08,0.45,298.72,0.46,BitMart,BNB/USDT,2022-11-09T11:12:02.329Z,0.36
299.1,0.6,298.7,0.21,BitMart,BNB/USDT,2022-11-09T11:12:02.329Z,0.4
299.11,0.21,298.67,0.25,BitMart,BNB/USDT,2022-11-09T11:12:02.329Z,0.44
299.13,0.47,298.66,0.29,BitMart,BNB/USDT,2022-11-09T11:12:02.329Z,0.47
299.14,0.29,298.64,0.16,BitMart,BNB/USDT,2022-11-09T11:12:02.329Z,0.5
299.16,0.38,298.63,0.51,BitMart,BNB/USDT,2022-11-09T11:12:02.329Z,0.53
299.19,0.22,298.6,0.42,BitMart,BNB/USDT,2022-11-09T11:12:02.329Z,0.59
299.2,0.42,298.52,0.31,BitMart,BNB/USDT,2022-11-09T11:12:02.329Z,0.68
299.22,0.21,298.46,0.47,BitMart,BNB/USDT,2022-11-09T11:12:02.329Z,0.76
299.24,0.57,298.45,0.18,BitMart,BNB/USDT,2022-11-09T11:12:02.329Z,0.79
299.25,0.22,298.43,0.39,BitMart,BNB/USDT,2022-11-09T11:12:02.329Z,0.82
299.27,0.59,298.42,0.53,BitMart,BNB/USDT,2022-11-09T11:12:02.329Z,0.85
299.28,0.25,298.28,35.13,BitMart,BNB/USDT,2022-11-09T11:12:02.329Z,1
299.3,0.57,298.25,89.88,BitMart,BNB/USDT,2022-11-09T11:12:02.329Z,1.05
299.31,0.25,298.05,213.22,BitMart,BNB/USDT,2022-11-09T11:12:02.329Z,1.26
299.33,0.25,297.98,105.39,BitMart,BNB/USDT,2022-11-09T11:12:02.329Z,1.35
299.37,0.3,297.9,210.07,BitMart,BNB/USDT,2022-11-09T11:12:02.329Z,1.47
298.7297,0.143,298.588,0.006,Gate.io,BNB/USDT,2022-11-09T11:12:11.255Z,0.1417
298.8071,0.17,298.4674,0.165,Gate.io,BNB/USDT,2022-11-09T11:12:11.255Z,0.3397
298.8521,0.161,298.4346,0.004,Gate.io,BNB/USDT,2022-11-09T11:12:11.255Z,0.4175
298.8791,0.875,298.3545,0.008,Gate.io,BNB/USDT,2022-11-09T11:12:11.255Z,0.5246
298.8851,3.496,298.3544,0.875,Gate.io,BNB/USDT,2022-11-09T11:12:11.255Z,0.5307
298.9107,1.698,298.3309,1.649,Gate.io,BNB/USDT,2022-11-09T11:12:11.255Z,0.5798
298.9162,0.157,298.3054,3.494,Gate.io,BNB/USDT,2022-11-09T11:12:11.255Z,0.6108
298.9565,0.007,298.3002,3.497,Gate.io,BNB/USDT,2022-11-09T11:12:11.255Z,0.6563
299.0196,1.707,298.2781,1.503,Gate.io,BNB/USDT,2022-11-09T11:12:11.255Z,0.7415
299.1108,1.65,298.246,1.676,Gate.io,BNB/USDT,2022-11-09T11:12:11.255Z,0.8648
299.1324,1.673,298.1411,1.343,Gate.io,BNB/USDT,2022-11-09T11:12:11.255Z,0.9913
299.2853,0.208,298.112,1.256,Gate.io,BNB/USDT,2022-11-09T11:12:11.255Z,1.1733
299.3559,6.703,298.0695,5.151,Gate.io,BNB/USDT,2022-11-09T11:12:11.255Z,1.2864
299.4003,1.672851,298.04,4.858,Gate.io,BNB/USDT,2022-11-09T11:12:11.255Z,1.3603
299.411,3.343,297.9066,2.688,Gate.io,BNB/USDT,2022-11-09T11:12:11.255Z,1.5044
299.4577,0.005,297.8958,0.17,Gate.io,BNB/USDT,2022-11-09T11:12:11.255Z,1.5619
299.462,4.858,297.8957,0.929,Gate.io,BNB/USDT,2022-11-09T11:12:11.255Z,1.5663
299.4966,0.006,297.702,6.704,Gate.io,BNB/USDT,2022-11-09T11:12:11.255Z,1.7946
299.5496,6.703,297.695,9.594,Gate.io,BNB/USDT,2022-11-09T11:12:11.255Z,1.8546
299.5942,3.487,297.6486,0.058,Gate.io,BNB/USDT,2022-11-09T11:12:11.255Z,1.9456
299.04,0.335,298.03,1.1169,Bitget,BNB/USDT,2022-11-09T11:12:23.584Z,1.01
299.07,0.335,297.99,2.2019,Bitget,BNB/USDT,2022-11-09T11:12:23.584Z,1.08
299.09,0.1836,297.96,3.5926,Bitget,BNB/USDT,2022-11-09T11:12:23.584Z,1.13
299.1,0.7838,297.91,0.3352,Bitget,BNB/USDT,2022-11-09T11:12:23.584Z,1.19
299.12,32.0522,297.88,16.3429,Bitget,BNB/USDT,2022-11-09T11:12:23.584Z,1.24
299.15,3.0912,297.78,6.087,Bitget,BNB/USDT,2022-11-09T11:12:23.584Z,1.37
299.17,0.3349,297.76,0.8455,Bitget,BNB/USDT,2022-11-09T11:12:23.584Z,1.41
299.21,3.462,297.74,26.7985,Bitget,BNB/USDT,2022-11-09T11:12:23.584Z,1.47
299.22,35.6182,297.73,23.463,Bitget,BNB/USDT,2022-11-09T11:12:23.584Z,1.49
299.23,0.3348,297.71,32.3409,Bitget,BNB/USDT,2022-11-09T11:12:23.584Z,1.52
299.29,34.6554,297.7,1.485,Bitget,BNB/USDT,2022-11-09T11:12:23.584Z,1.59
299.3,2.0623,297.68,54.9154,Bitget,BNB/USDT,2022-11-09T11:12:23.584Z,1.62
299.32,93.6352,297.67,1.881,Bitget,BNB/USDT,2022-11-09T11:12:23.584Z,1.65
299.33,1.6781,297.66,2.1572,Bitget,BNB/USDT,2022-11-09T11:12:23.584Z,1.67
299.35,30.4529,297.65,30.8263,Bitget,BNB/USDT,2022-11-09T11:12:23.584Z,1.7
299.38,21.8652,297.64,1.9075,Bitget,BNB/USDT,2022-11-09T11:12:23.584Z,1.74
299.39,0.0021,297.63,1.7919,Bitget,BNB/USDT,2022-11-09T11:12:23.584Z,1.76
299.41,37.7483,297.62,24.9714,Bitget,BNB/USDT,2022-11-09T11:12:23.584Z,1.79
299.42,70.3652,297.61,1.287,Bitget,BNB/USDT,2022-11-09T11:12:23.584Z,1.81
299.44,27.5527,297.6,2.2641,Bitget,BNB/USDT,2022-11-09T11:12:23.584Z,1.84
298.74,0.33,298.56,0.53,BitMart,BNB/USDT,2022-11-09T11:12:34.621Z,0.18
298.75,0.51,298.55,0.22,BitMart,BNB/USDT,2022-11-09T11:12:34.621Z,0.2
298.77,0.36,298.53,0.29,BitMart,BNB/USDT,2022-11-09T11:12:34.621Z,0.24
298.78,0.26,298.52,0.55,BitMart,BNB/USDT,2022-11-09T11:12:34.621Z,0.26
298.79,0.32,298.5,0.38,BitMart,BNB/USDT,2022-11-09T11:12:34.621Z,0.29
298.81,0.59,298.49,0.25,BitMart,BNB/USDT,2022-11-09T11:12:34.621Z,0.32
298.82,0.29,298.47,0.57,BitMart,BNB/USDT,2022-11-09T11:12:34.621Z,0.35
298.83,0.35,298.46,0.17,BitMart,BNB/USDT,2022-11-09T11:12:34.621Z,0.37
298.84,0.58,298.45,0.32,BitMart,BNB/USDT,2022-11-09T11:12:34.621Z,0.39
298.85,0.25,298.43,0.17,BitMart,BNB/USDT,2022-11-09T11:12:34.621Z,0.42
298.87,0.25,298.42,0.3,BitMart,BNB/USDT,2022-11-09T11:12:34.621Z,0.45
298.88,0.28,298.4,0.31,BitMart,BNB/USDT,2022-11-09T11:12:34.621Z,0.48
298.89,0.53,298.39,0.16,BitMart,BNB/USDT,2022-11-09T11:12:34.621Z,0.5
298.91,0.49,298.37,0.2,BitMart,BNB/USDT,2022-11-09T11:12:34.621Z,0.54
298.92,0.4,298.36,0.51,BitMart,BNB/USDT,2022-11-09T11:12:34.621Z,0.56
298.94,0.43,298.35,0.18,BitMart,BNB/USDT,2022-11-09T11:12:34.621Z,0.59
298.95,0.52,298.33,0.38,BitMart,BNB/USDT,2022-11-09T11:12:34.621Z,0.62
298.97,0.17,298.32,0.5,BitMart,BNB/USDT,2022-11-09T11:12:34.621Z,0.65
298.98,0.54,298.3,0.45,BitMart,BNB/USDT,2022-11-09T11:12:34.621Z,0.68
299,0.26,298.29,0.22,BitMart,BNB/USDT,2022-11-09T11:12:34.621Z,0.71
299.3878,0.153,299.1489,0.163,Gate.io,BNB/USDT,2022-11-09T11:12:45.218Z,0.2389
299.4003,1.672851,299.0886,0.157,Gate.io,BNB/USDT,2022-11-09T11:12:45.218Z,0.3117
299.4577,0.005,299.075,0.008,Gate.io,BNB/USDT,2022-11-09T11:12:45.218Z,0.3827
299.4966,0.006,299.0031,0.787,Gate.io,BNB/USDT,2022-11-09T11:12:45.218Z,0.4935
299.5795,3.487,298.9921,1.698,Gate.io,BNB/USDT,2022-11-09T11:12:45.218Z,0.5874
299.5855,3.489,298.985,0.168,Gate.io,BNB/USDT,2022-11-09T11:12:45.218Z,0.6005
299.6212,0.004,298.9287,0.166,Gate.io,BNB/USDT,2022-11-09T11:12:45.218Z,0.6925
299.6286,5.183,298.895,1.666,Gate.io,BNB/USDT,2022-11-09T11:12:45.218Z,0.7336
299.7174,0.004,298.8183,1.706,Gate.io,BNB/USDT,2022-11-09T11:12:45.218Z,0.8991
299.763,4.858,298.7451,1.34,Gate.io,BNB/USDT,2022-11-09T11:12:45.218Z,1.0179
299.7938,0.014,298.5,6.686,Gate.io,BNB/USDT,2022-11-09T11:12:45.218Z,1.2938
299.7942,0.014,298.4866,1.503,Gate.io,BNB/USDT,2022-11-09T11:12:45.218Z,1.3076
299.8223,0.008,298.479,4.858,Gate.io,BNB/USDT,2022-11-09T11:12:45.218Z,1.3433
299.947,9.594,298.4043,0.17,Gate.io,BNB/USDT,2022-11-09T11:12:45.218Z,1.5427
299.9999,0.005,298.4042,2.684,Gate.io,BNB/USDT,2022-11-09T11:12:45.218Z,1.5957
300.0399,0.438,298.374,9.594,Gate.io,BNB/USDT,2022-11-09T11:12:45.218Z,1.6659
300.04,15.101,298.32,6.687,Gate.io,BNB/USDT,2022-11-09T11:12:45.218Z,1.72
300.113,0.058,298.2927,3.497,Gate.io,BNB/USDT,2022-11-09T11:12:45.218Z,1.8203
300.165,6.685,298.2126,10,Gate.io,BNB/USDT,2022-11-09T11:12:45.218Z,1.9524
300.19,19.517,298.1551,5.158,Gate.io,BNB/USDT,2022-11-09T11:12:45.218Z,2.0349
299.6,0.0063,299.47,26.7926,Bitget,BNB/USDT,2022-11-09T11:12:55.971Z,0.13
299.65,0.0019,298.91,27.7372,Bitget,BNB/USDT,2022-11-09T11:12:55.971Z,0.74
299.91,0.0023,298.88,45.2555,Bitget,BNB/USDT,2022-11-09T11:12:55.971Z,1.03
299.95,0.334,298.86,0.3342,Bitget,BNB/USDT,2022-11-09T11:12:55.971Z,1.09
299.98,0.334,298.81,0.3342,Bitget,BNB/USDT,2022-11-09T11:12:55.971Z,1.17
300,1.9998,298.79,1.6325,Bitget,BNB/USDT,2022-11-09T11:12:55.971Z,1.21
300.01,1.1088,298.78,23.7066,Bitget,BNB/USDT,2022-11-09T11:12:55.971Z,1.23
300.02,13.6046,298.75,0.3815,Bitget,BNB/USDT,2022-11-09T11:12:55.971Z,1.27
300.09,0.2208,298.73,0.4225,Bitget,BNB/USDT,2022-11-09T11:12:55.971Z,1.36
300.1,0.3338,298.72,6.8983,Bitget,BNB/USDT,2022-11-09T11:12:55.971Z,1.38
300.12,35.0024,298.7,0.98,Bitget,BNB/USDT,2022-11-09T11:12:55.971Z,1.42
300.14,0.3338,298.69,2.3433,Bitget,BNB/USDT,2022-11-09T11:12:55.971Z,1.45
300.16,1.6781,298.68,40.5375,Bitget,BNB/USDT,2022-11-09T11:12:55.971Z,1.48
300.2,32.1715,298.67,0.5722,Bitget,BNB/USDT,2022-11-09T11:12:55.971Z,1.53
300.21,4.9381,298.66,29.2678,Bitget,BNB/USDT,2022-11-09T11:12:55.971Z,1.55
300.22,50.0396,298.64,0.7791,Bitget,BNB/USDT,2022-11-09T11:12:55.971Z,1.58
300.23,38.5997,298.63,34.1862,Bitget,BNB/USDT,2022-11-09T11:12:55.971Z,1.6
300.25,7.2426,298.61,0.3345,Bitget,BNB/USDT,2022-11-09T11:12:55.971Z,1.64
300.26,33.6397,298.6,21.4347,Bitget,BNB/USDT,2022-11-09T11:12:55.971Z,1.66
300.27,23.2947,298.59,1.287,Bitget,BNB/USDT,2022-11-09T11:12:55.971Z,1.68
299.84,0.44,299.66,0.23,BitMart,BNB/USDT,2022-11-09T11:13:06.788Z,0.18
299.85,0.53,299.5,0.46,BitMart,BNB/USDT,2022-11-09T11:13:06.788Z,0.35
299.87,0.37,299.47,0.5,BitMart,BNB/USDT,2022-11-09T11:13:06.788Z,0.4
299.88,0.23,299.42,0.32,BitMart,BNB/USDT,2022-11-09T11:13:06.788Z,0.46
299.89,0.17,299.36,0.57,BitMart,BNB/USDT,2022-11-09T11:13:06.788Z,0.53
299.92,0.44,299.35,0.38,BitMart,BNB/USDT,2022-11-09T11:13:06.788Z,0.57
299.94,0.3,299.33,0.32,BitMart,BNB/USDT,2022-11-09T11:13:06.788Z,0.61
299.97,0.21,299.32,0.43,BitMart,BNB/USDT,2022-11-09T11:13:06.788Z,0.65
299.98,0.55,299.3,0.49,BitMart,BNB/USDT,2022-11-09T11:13:06.788Z,0.68
300,0.15,299.29,0.24,BitMart,BNB/USDT,2022-11-09T11:13:06.788Z,0.71
300.02,0.26,299.27,0.5,BitMart,BNB/USDT,2022-11-09T11:13:06.788Z,0.75
300.08,0.52,299.26,0.22,BitMart,BNB/USDT,2022-11-09T11:13:06.788Z,0.82
300.1,0.34,299.25,0.22,BitMart,BNB/USDT,2022-11-09T11:13:06.788Z,0.85
300.15,160.29,299.23,0.32,BitMart,BNB/USDT,2022-11-09T11:13:06.788Z,0.92
300.35,98.65,299.22,0.31,BitMart,BNB/USDT,2022-11-09T11:13:06.788Z,1.13
300.36,105.18,299.2,0.58,BitMart,BNB/USDT,2022-11-09T11:13:06.788Z,1.16
300.5,195.06,299.19,0.21,BitMart,BNB/USDT,2022-11-09T11:13:06.788Z,1.31
300.65,101.76,299.17,0.37,BitMart,BNB/USDT,2022-11-09T11:13:06.788Z,1.48
300.9,142.14,299.16,0.53,BitMart,BNB/USDT,2022-11-09T11:13:06.788Z,1.74
301.06,148.36,299.15,0.27,BitMart,BNB/USDT,2022-11-09T11:13:06.788Z,1.91
299.9999,0.005,299.7173,0.008,Gate.io,BNB/USDT,2022-11-09T11:13:16.727Z,0.2826
300.0369,0.162,299.6351,0.787,Gate.io,BNB/USDT,2022-11-09T11:13:16.727Z,0.4018
300.0758,0.787,299.6126,1.012478922,Gate.io,BNB/USDT,2022-11-09T11:13:16.727Z,0.4632
300.113,0.058,299.5942,1.709,Gate.io,BNB/USDT,2022-11-09T11:13:16.727Z,0.5188
300.18,3.479,299.4799,1.694,Gate.io,BNB/USDT,2022-11-09T11:13:16.727Z,0.7001
300.1859,3.482,299.408,3.482,Gate.io,BNB/USDT,2022-11-09T11:13:16.727Z,0.7779
300.229,5.223,299.3888,1.647,Gate.io,BNB/USDT,2022-11-09T11:13:16.727Z,0.8402
300.2546,1.693,299.2995,1.338,Gate.io,BNB/USDT,2022-11-09T11:13:16.727Z,0.9551
300.3023,0.929,299.205,6.67,Gate.io,BNB/USDT,2022-11-09T11:13:16.727Z,1.0973
300.3481,0.03992,299.122,4.858,Gate.io,BNB/USDT,2022-11-09T11:13:16.727Z,1.2261
300.3621,0.004,299.0888,1.5,Gate.io,BNB/USDT,2022-11-09T11:13:16.727Z,1.2733
300.4946,0.005,299.04,6.67,Gate.io,BNB/USDT,2022-11-09T11:13:16.727Z,1.4546
300.533,0.071,299.0242,0.008,Gate.io,BNB/USDT,2022-11-09T11:13:16.727Z,1.5088
300.69,4.858,298.9201,0.17,Gate.io,BNB/USDT,2022-11-09T11:13:16.727Z,1.7699
300.8519,0.875,298.8311,2.68,Gate.io,BNB/USDT,2022-11-09T11:13:16.727Z,2.0208
300.8538,0.004,298.8106,10,Gate.io,BNB/USDT,2022-11-09T11:13:16.727Z,2.0432
300.855,6.364,298.6574,5.221,Gate.io,BNB/USDT,2022-11-09T11:13:16.727Z,2.1976
300.8818,0.008,298.608,5.364,Gate.io,BNB/USDT,2022-11-09T11:13:16.727Z,2.2738
300.8957,0.363,298.536,9.594,Gate.io,BNB/USDT,2022-11-09T11:13:16.727Z,2.3597
300.9158,1.663,298.5264,0.075,Gate.io,BNB/USDT,2022-11-09T11:13:16.727Z,2.3894
300.42,57.1002,300.4,25.2525,Bitget,BNB/USDT,2022-11-09T11:13:28.025Z,0.02
300.44,1.3266,299.24,0.5278,Bitget,BNB/USDT,2022-11-09T11:13:28.025Z,1.2
300.45,2.1057,299.23,0.3338,Bitget,BNB/USDT,2022-11-09T11:13:28.025Z,1.22
300.46,0.4752,299.18,50.9504,Bitget,BNB/USDT,2022-11-09T11:13:28.025Z,1.28
300.49,1.485,299.08,59.4594,Bitget,BNB/USDT,2022-11-09T11:13:28.025Z,1.41
300.51,5.7769,299.07,0.3815,Bitget,BNB/USDT,2022-11-09T11:13:28.025Z,1.44
300.52,200.2269,299.06,2.772,Bitget,BNB/USDT,2022-11-09T11:13:28.025Z,1.46
300.53,1.6365,299.05,1.2504,Bitget,BNB/USDT,2022-11-09T11:13:28.025Z,1.48
300.54,34.8774,299.04,1.287,Bitget,BNB/USDT,2022-11-09T11:13:28.025Z,1.5
300.56,0.0029,299.01,20.7148,Bitget,BNB/USDT,2022-11-09T11:13:28.025Z,1.55
300.57,27.0527,299,1.6682,Bitget,BNB/USDT,2022-11-09T11:13:28.025Z,1.57
300.58,6.9607,298.99,34.1495,Bitget,BNB/USDT,2022-11-09T11:13:28.025Z,1.59
300.6,26.6888,298.98,22.2879,Bitget,BNB/USDT,2022-11-09T11:13:28.025Z,1.62
300.62,21.287,298.96,39.231,Bitget,BNB/USDT,2022-11-09T11:13:28.025Z,1.66
300.63,23.1402,298.95,21.2494,Bitget,BNB/USDT,2022-11-09T11:13:28.025Z,1.68
300.65,24.8975,298.94,0.3341,Bitget,BNB/USDT,2022-11-09T11:13:28.025Z,1.71
300.66,23.4134,298.93,40.0238,Bitget,BNB/USDT,2022-11-09T11:13:28.025Z,1.73
300.69,39.2447,298.9,31.7839,Bitget,BNB/USDT,2022-11-09T11:13:28.025Z,1.79
300.7,3.4442,298.89,0.3341,Bitget,BNB/USDT,2022-11-09T11:13:28.025Z,1.81
300.72,78.3661,298.88,33.8273,Bitget,BNB/USDT,2022-11-09T11:13:28.025Z,1.84
299.97,0.22,299.76,0.46,BitMart,BNB/USDT,2022-11-09T11:13:39.821Z,0.21
299.98,0.34,299.75,0.56,BitMart,BNB/USDT,2022-11-09T11:13:39.821Z,0.23
300.09,0.55,299.73,0.55,BitMart,BNB/USDT,2022-11-09T11:13:39.821Z,0.36
300.1,0.21,299.72,0.56,BitMart,BNB/USDT,2022-11-09T11:13:39.821Z,0.38
300.12,0.23,299.7,0.25,BitMart,BNB/USDT,2022-11-09T11:13:39.821Z,0.42
300.15,0.57,299.69,0.42,BitMart,BNB/USDT,2022-11-09T11:13:39.821Z,0.46
300.16,0.26,299.67,0.39,BitMart,BNB/USDT,2022-11-09T11:13:39.821Z,0.49
300.18,0.2,299.65,0.53,BitMart,BNB/USDT,2022-11-09T11:13:39.821Z,0.53
300.19,0.24,299.64,0.35,BitMart,BNB/USDT,2022-11-09T11:13:39.821Z,0.55
300.21,0.53,299.62,0.5,BitMart,BNB/USDT,2022-11-09T11:13:39.821Z,0.59
300.22,0.46,299.61,0.18,BitMart,BNB/USDT,2022-11-09T11:13:39.821Z,0.61
300.27,0.59,299.59,0.21,BitMart,BNB/USDT,2022-11-09T11:13:39.821Z,0.68
300.28,0.32,299.58,0.14,BitMart,BNB/USDT,2022-11-09T11:13:39.821Z,0.7
300.3,0.45,299.56,0.27,BitMart,BNB/USDT,2022-11-09T11:13:39.821Z,0.74
300.4,0.25,299.55,0.57,BitMart,BNB/USDT,2022-11-09T11:13:39.821Z,0.85
300.55,73.35,299.53,0.47,BitMart,BNB/USDT,2022-11-09T11:13:39.821Z,1.02
300.8,87.18,299.51,0.35,BitMart,BNB/USDT,2022-11-09T11:13:39.821Z,1.29
300.9,142.14,299.5,0.45,BitMart,BNB/USDT,2022-11-09T11:13:39.821Z,1.4
301.06,148.36,299.48,0.27,BitMart,BNB/USDT,2022-11-09T11:13:39.821Z,1.58
301.27,140.09,299.46,0.35,BitMart,BNB/USDT,2022-11-09T11:13:39.821Z,1.81
300.1143,1.144,299.9412,0.149,Gate.io,BNB/USDT,2022-11-09T11:13:49.749Z,0.1731
300.2067,0.144,299.8937,0.163,Gate.io,BNB/USDT,2022-11-09T11:13:49.749Z,0.313
300.231,0.787,299.8218,0.153,Gate.io,BNB/USDT,2022-11-09T11:13:49.749Z,0.4092
300.3023,0.929,299.7914,0.787,Gate.io,BNB/USDT,2022-11-09T11:13:49.749Z,0.5109
300.3481,0.03992,299.7885,1.647,Gate.io,BNB/USDT,2022-11-09T11:13:49.749Z,0.5596
300.3517,1.675,299.7534,0.158,Gate.io,BNB/USDT,2022-11-09T11:13:49.749Z,0.5983
300.3621,0.004,299.7495,1.336,Gate.io,BNB/USDT,2022-11-09T11:13:49.749Z,0.6126
300.3801,3.476,299.7173,0.008,Gate.io,BNB/USDT,2022-11-09T11:13:49.749Z,0.6628
300.386,3.479,299.6483,1.654,Gate.io,BNB/USDT,2022-11-09T11:13:49.749Z,0.7377
300.4291,5.197,299.6256,3.48,Gate.io,BNB/USDT,2022-11-09T11:13:49.749Z,0.8035
300.4472,1.707,299.5691,0.008,Gate.io,BNB/USDT,2022-11-09T11:13:49.749Z,0.8781
300.4946,0.005,299.569,1.698,Gate.io,BNB/USDT,2022-11-09T11:13:49.749Z,0.9256
300.533,0.071,299.4516,2.674,Gate.io,BNB/USDT,2022-11-09T11:13:49.749Z,1.0814
300.553,4.858,299.354,4.858,Gate.io,BNB/USDT,2022-11-09T11:13:49.749Z,1.199
300.5945,1.665,299.292,1.499,Gate.io,BNB/USDT,2022-11-09T11:13:49.749Z,1.3025
300.693,15.101,299.28,6.668,Gate.io,BNB/USDT,2022-11-09T11:13:49.749Z,1.413
300.735,9.594,299.2249,5.353,Gate.io,BNB/USDT,2022-11-09T11:13:49.749Z,1.5101
300.8519,0.875,299.183,9.594,Gate.io,BNB/USDT,2022-11-09T11:13:49.749Z,1.6689
300.8538,0.004,299.16,6.668,Gate.io,BNB/USDT,2022-11-09T11:13:49.749Z,1.6938
300.8633,1.499,299.0401,0.17,Gate.io,BNB/USDT,2022-11-09T11:13:49.749Z,1.8232
300.49,0.0023,299.8,1.1421,Bitget,BNB/USDT,2022-11-09T11:14:01.055Z,0.69
300.56,0.0029,299.71,6.7415,Bitget,BNB/USDT,2022-11-09T11:14:01.055Z,0.85
300.78,0.3401,299.68,10.9993,Bitget,BNB/USDT,2022-11-09T11:14:01.055Z,1.1
300.81,0.5549,299.67,1.485,Bitget,BNB/USDT,2022-11-09T11:14:01.055Z,1.14
300.82,61.3176,299.63,0.3333,Bitget,BNB/USDT,2022-11-09T11:14:01.055Z,1.19
300.84,0.333,299.62,0.3333,Bitget,BNB/USDT,2022-11-09T11:14:01.055Z,1.22
300.87,0.333,299.61,2.356,Bitget,BNB/USDT,2022-11-09T11:14:01.055Z,1.26
300.88,0.333,299.58,16.9854,Bitget,BNB/USDT,2022-11-09T11:14:01.055Z,1.3
300.89,1.3266,299.56,0.8217,Bitget,BNB/USDT,2022-11-09T11:14:01.055Z,1.33
300.91,0.3329,299.53,0.3334,Bitget,BNB/USDT,2022-11-09T11:14:01.055Z,1.38
300.92,12.921,299.5,0.3335,Bitget,BNB/USDT,2022-11-09T11:14:01.055Z,1.42
301,0.0063,299.49,0.3335,Bitget,BNB/USDT,2022-11-09T11:14:01.055Z,1.51
301.02,81.7367,299.48,30.8296,Bitget,BNB/USDT,2022-11-09T11:14:01.055Z,1.54
301.03,3.7768,299.47,29.5847,Bitget,BNB/USDT,2022-11-09T11:14:01.055Z,1.56
301.05,0.3328,299.44,5.6143,Bitget,BNB/USDT,2022-11-09T11:14:01.055Z,1.61
301.06,24.2802,299.43,31.0011,Bitget,BNB/USDT,2022-11-09T11:14:01.055Z,1.63
301.1,36.0752,299.42,0.7791,Bitget,BNB/USDT,2022-11-09T11:14:01.055Z,1.68
301.11,26.7072,299.41,0.3336,Bitget,BNB/USDT,2022-11-09T11:14:01.055Z,1.7
301.12,50.4623,299.39,28.6725,Bitget,BNB/USDT,2022-11-09T11:14:01.055Z,1.73
301.14,35.3106,299.38,22.1872,Bitget,BNB/USDT,2022-11-09T11:14:01.055Z,1.76
300.36,0.59,300.01,0.48,BitMart,BNB/USDT,2022-11-09T11:14:13.428Z,0.35
300.5,0.53,299.88,0.53,BitMart,BNB/USDT,2022-11-09T11:14:13.428Z,0.62
300.55,120.61,299.86,0.2,BitMart,BNB/USDT,2022-11-09T11:14:13.428Z,0.69
300.7,0.19,299.82,0.36,BitMart,BNB/USDT,2022-11-09T11:14:13.428Z,0.88
300.77,34.98,299.78,0.44,BitMart,BNB/USDT,2022-11-09T11:14:13.428Z,0.99
300.85,152.01,299.77,0.5,BitMart,BNB/USDT,2022-11-09T11:14:13.428Z,1.08
300.9,142.14,299.76,0.2,BitMart,BNB/USDT,2022-11-09T11:14:13.428Z,1.14
300.92,34.96,299.75,0.5,BitMart,BNB/USDT,2022-11-09T11:14:13.428Z,1.17
301.06,148.36,299.73,35.16,BitMart,BNB/USDT,2022-11-09T11:14:13.428Z,1.33
301.31,87.97,299.72,0.39,BitMart,BNB/USDT,2022-11-09T11:14:13.428Z,1.59
301.51,190.68,299.7,0.49,BitMart,BNB/USDT,2022-11-09T11:14:13.428Z,1.81
301.72,238.6,299.69,0.52,BitMart,BNB/USDT,2022-11-09T11:14:13.428Z,2.03
301.92,226.56,299.67,0.17,BitMart,BNB/USDT,2022-11-09T11:14:13.428Z,2.25
302.12,229.41,299.66,0.36,BitMart,BNB/USDT,2022-11-09T11:14:13.428Z,2.46
302.28,213.64,299.65,167.12,BitMart,BNB/USDT,2022-11-09T11:14:13.428Z,2.63
302.53,95.76,299.64,0.52,BitMart,BNB/USDT,2022-11-09T11:14:13.428Z,2.89
302.73,65.03,299.63,0.16,BitMart,BNB/USDT,2022-11-09T11:14:13.428Z,3.1
302.88,229.62,299.6,0.25,BitMart,BNB/USDT,2022-11-09T11:14:13.428Z,3.28
303.03,112.94,299.58,34.98,BitMart,BNB/USDT,2022-11-09T11:14:13.428Z,3.45
303.24,210.55,299.5,130.9,BitMart,BNB/USDT,2022-11-09T11:14:13.428Z,3.74
300.4946,0.005,300.362,0.008,Gate.io,BNB/USDT,2022-11-09T11:14:22.529Z,0.1326
300.5325,1.568,300.286,0.147,Gate.io,BNB/USDT,2022-11-09T11:14:22.529Z,0.2465
300.533,0.071,300.1817,0.787,Gate.io,BNB/USDT,2022-11-09T11:14:22.529Z,0.3513
300.5567,1.678,300.1576,0.164,Gate.io,BNB/USDT,2022-11-09T11:14:22.529Z,0.3991
300.5592,0.165,300.117,1.706,Gate.io,BNB/USDT,2022-11-09T11:14:22.529Z,0.4422
300.6416,1.705,299.9904,1.659,Gate.io,BNB/USDT,2022-11-09T11:14:22.529Z,0.6512
300.66,0.171,299.9464,3.476,Gate.io,BNB/USDT,2022-11-09T11:14:22.529Z,0.7136
300.6862,3.476,299.8458,1.335,Gate.io,BNB/USDT,2022-11-09T11:14:22.529Z,0.8404
300.7922,3.471,299.7421,1.496,Gate.io,BNB/USDT,2022-11-09T11:14:22.529Z,1.0501
300.8294,5.108,299.6764,3.473,Gate.io,BNB/USDT,2022-11-09T11:14:22.529Z,1.153
300.8519,0.875,299.6414,2.672,Gate.io,BNB/USDT,2022-11-09T11:14:22.529Z,1.2105
300.8538,0.004,299.5891,0.17,Gate.io,BNB/USDT,2022-11-09T11:14:22.529Z,1.2647
300.8818,0.008,299.589,4.858,Gate.io,BNB/USDT,2022-11-09T11:14:22.529Z,1.2928
301.0088,0.004,299.58,6.662,Gate.io,BNB/USDT,2022-11-09T11:14:22.529Z,1.4288
301.0204,0.009,299.4578,7,Gate.io,BNB/USDT,2022-11-09T11:14:22.529Z,1.5626
301.1818,0.012,299.409,9.594,Gate.io,BNB/USDT,2022-11-09T11:14:22.529Z,1.7728
301.1844,0.006,299.4,6.661,Gate.io,BNB/USDT,2022-11-09T11:14:22.529Z,1.7844
301.2294,0.363,299.3296,5.351,Gate.io,BNB/USDT,2022-11-09T11:14:22.529Z,1.8998
301.245,5.538,299.303,0.48,Gate.io,BNB/USDT,2022-11-09T11:14:22.529Z,1.942
301.2451,1.497,299.2093,10,Gate.io,BNB/USDT,2022-11-09T11:14:22.529Z,2.0358
301,0.0063,300.52,1.1236,Bitget,BNB/USDT,2022-11-09T11:14:35.146Z,0.48
301.22,0.0021,300.5,4.951,Bitget,BNB/USDT,2022-11-09T11:14:35.146Z,0.72
301.29,0.0023,300.48,1.3959,Bitget,BNB/USDT,2022-11-09T11:14:35.146Z,0.81
301.44,0.0023,300.38,35.0351,Bitget,BNB/USDT,2022-11-09T11:14:35.146Z,1.06
301.51,0.2208,300.35,0.3325,Bitget,BNB/USDT,2022-11-09T11:14:35.146Z,1.16
301.54,0.3322,300.3,35.2163,Bitget,BNB/USDT,2022-11-09T11:14:35.146Z,1.24
301.55,0.99,300.28,32.4477,Bitget,BNB/USDT,2022-11-09T11:14:35.146Z,1.27
301.61,0.3322,300.25,1.6058,Bitget,BNB/USDT,2022-11-09T11:14:35.146Z,1.36
301.62,40.1603,300.24,24.0395,Bitget,BNB/USDT,2022-11-09T11:14:35.146Z,1.38
301.65,0.7791,300.23,0.3327,Bitget,BNB/USDT,2022-11-09T11:14:35.146Z,1.42
301.69,0.3321,300.22,0.8686,Bitget,BNB/USDT,2022-11-09T11:14:35.146Z,1.47
301.7,0.3321,300.21,1.7095,Bitget,BNB/USDT,2022-11-09T11:14:35.146Z,1.49
301.71,0.3321,300.2,26.9387,Bitget,BNB/USDT,2022-11-09T11:14:35.146Z,1.51
301.72,23.9501,300.19,2.4149,Bitget,BNB/USDT,2022-11-09T11:14:35.146Z,1.53
301.75,3.1944,300.18,53.6738,Bitget,BNB/USDT,2022-11-09T11:14:35.146Z,1.57
301.76,0.332,300.16,26.6603,Bitget,BNB/USDT,2022-11-09T11:14:35.146Z,1.6
301.78,1.6988,300.14,0.99,Bitget,BNB/USDT,2022-11-09T11:14:35.146Z,1.64
301.8,30.3816,300.13,24.9391,Bitget,BNB/USDT,2022-11-09T11:14:35.146Z,1.67
301.81,0.0024,300.12,32.9758,Bitget,BNB/USDT,2022-11-09T11:14:35.146Z,1.69
301.82,20.2909,300.1,0.7791,Bitget,BNB/USDT,2022-11-09T11:14:35.146Z,1.72
301.46,0.27,301.23,0.3,BitMart,BNB/USDT,2022-11-09T11:14:45.831Z,0.23
301.47,0.2,301.21,0.47,BitMart,BNB/USDT,2022-11-09T11:14:45.831Z,0.26
301.49,0.35,301.2,0.19,BitMart,BNB/USDT,2022-11-09T11:14:45.831Z,0.29
301.5,0.4,301.16,0.17,BitMart,BNB/USDT,2022-11-09T11:14:45.831Z,0.34
301.51,0.28,301.14,0.54,BitMart,BNB/USDT,2022-11-09T11:14:45.831Z,0.37
301.52,0.38,301.13,0.56,BitMart,BNB/USDT,2022-11-09T11:14:45.831Z,0.39
301.53,0.23,301.11,0.5,BitMart,BNB/USDT,2022-11-09T11:14:45.831Z,0.42
301.54,0.41,301.1,0.33,BitMart,BNB/USDT,2022-11-09T11:14:45.831Z,0.44
301.56,0.26,301.08,0.33,BitMart,BNB/USDT,2022-11-09T11:14:45.831Z,0.48
301.57,0.39,301.06,0.6,BitMart,BNB/USDT,2022-11-09T11:14:45.831Z,0.51
301.59,0.35,301.04,0.15,BitMart,BNB/USDT,2022-11-09T11:14:45.831Z,0.55
301.6,0.22,301.03,0.54,BitMart,BNB/USDT,2022-11-09T11:14:45.831Z,0.57
301.63,0.18,301.01,0.39,BitMart,BNB/USDT,2022-11-09T11:14:45.831Z,0.62
301.64,0.38,301,0.48,BitMart,BNB/USDT,2022-11-09T11:14:45.831Z,0.64
301.66,0.45,300.98,0.35,BitMart,BNB/USDT,2022-11-09T11:14:45.831Z,0.68
301.67,0.16,300.97,0.23,BitMart,BNB/USDT,2022-11-09T11:14:45.831Z,0.7
301.69,0.51,300.96,0.54,BitMart,BNB/USDT,2022-11-09T11:14:45.831Z,0.73
301.7,0.42,300.95,0.54,BitMart,BNB/USDT,2022-11-09T11:14:45.831Z,0.75
301.87,34.85,300.94,0.18,BitMart,BNB/USDT,2022-11-09T11:14:45.831Z,0.93
302.12,229.41,300.93,0.18,BitMart,BNB/USDT,2022-11-09T11:14:45.831Z,1.19
301.3506,1.008,301.262,0.15,Gate.io,BNB/USDT,2022-11-09T11:14:56.142Z,0.0886
301.4285,0.00494719,301.1934,0.162,Gate.io,BNB/USDT,2022-11-09T11:14:56.142Z,0.2351
301.505,0.166,301.1289,0.787,Gate.io,BNB/USDT,2022-11-09T11:14:56.142Z,0.3761
301.5129,0.929,301.1285,0.154,Gate.io,BNB/USDT,2022-11-09T11:14:56.142Z,0.3844
301.5697,0.145,301.0876,1.643,Gate.io,BNB/USDT,2022-11-09T11:14:56.142Z,0.4821
301.6345,0.00427617,301.0477,0.155,Gate.io,BNB/USDT,2022-11-09T11:14:56.142Z,0.5868
301.6577,0.004,301.0087,0.008,Gate.io,BNB/USDT,2022-11-09T11:14:56.142Z,0.649
301.6659,0.618,301,3.277,Gate.io,BNB/USDT,2022-11-09T11:14:56.142Z,0.6659
301.6924,0.01,300.9876,1.697,Gate.io,BNB/USDT,2022-11-09T11:14:56.142Z,0.7048
301.6949,0.005,300.962,4.858,Gate.io,BNB/USDT,2022-11-09T11:14:56.142Z,0.7329
301.7238,0.008,300.859,9.594,Gate.io,BNB/USDT,2022-11-09T11:14:56.142Z,0.8648
301.7481,1.629,300.8237,0.234,Gate.io,BNB/USDT,2022-11-09T11:14:56.142Z,0.9244
301.7868,3.463,300.8219,3.464,Gate.io,BNB/USDT,2022-11-09T11:14:56.142Z,0.9649
301.7888,3.46,300.767,1.331,Gate.io,BNB/USDT,2022-11-09T11:14:56.142Z,1.0218
301.8301,5.181,300.7309,1.491,Gate.io,BNB/USDT,2022-11-09T11:14:56.142Z,1.0992
301.8526,1.642,300.5957,6.639,Gate.io,BNB/USDT,2022-11-09T11:14:56.142Z,1.2569
301.87,0.01,300.5131,0.075,Gate.io,BNB/USDT,2022-11-09T11:14:56.142Z,1.3569
301.941,4.858,300.513,15.101,Gate.io,BNB/USDT,2022-11-09T11:14:56.142Z,1.428
301.9595,0.008,300.4449,0.17,Gate.io,BNB/USDT,2022-11-09T11:14:56.142Z,1.5146
302.0096,0.018,300.4448,7,Gate.io,BNB/USDT,2022-11-09T11:14:56.142Z,1.5648
302.15,0.0023,301.29,0.3315,Bitget,BNB/USDT,2022-11-09T11:15:07.087Z,0.86
302.22,0.0104,301.27,23.6397,Bitget,BNB/USDT,2022-11-09T11:15:07.087Z,0.95
302.29,0.0019,301.24,0.3315,Bitget,BNB/USDT,2022-11-09T11:15:07.087Z,1.05
302.37,8.8991,301.17,72.2126,Bitget,BNB/USDT,2022-11-09T11:15:07.087Z,1.2
302.4,0.0063,301.13,0.3317,Bitget,BNB/USDT,2022-11-09T11:15:07.087Z,1.27
302.41,23.265,301.09,0.3317,Bitget,BNB/USDT,2022-11-09T11:15:07.087Z,1.32
302.43,0.3313,301.07,40.7138,Bitget,BNB/USDT,2022-11-09T11:15:07.087Z,1.36
302.46,9.502,301.04,31.3839,Bitget,BNB/USDT,2022-11-09T11:15:07.087Z,1.42
302.48,1.6394,301,25.76,Bitget,BNB/USDT,2022-11-09T11:15:07.087Z,1.48
302.49,0.3312,300.99,0.4225,Bitget,BNB/USDT,2022-11-09T11:15:07.087Z,1.5
302.5,0.3312,300.97,56.8399,Bitget,BNB/USDT,2022-11-09T11:15:07.087Z,1.53
302.53,5.9405,300.96,35.3712,Bitget,BNB/USDT,2022-11-09T11:15:07.087Z,1.57
302.54,0.3312,300.94,2.6148,Bitget,BNB/USDT,2022-11-09T11:15:07.087Z,1.6
302.57,0.3311,300.93,2.2326,Bitget,BNB/USDT,2022-11-09T11:15:07.087Z,1.64
302.59,0.3311,300.92,38.6124,Bitget,BNB/USDT,2022-11-09T11:15:07.087Z,1.67
302.62,21.4447,300.88,35.1789,Bitget,BNB/USDT,2022-11-09T11:15:07.087Z,1.74
302.63,21.481,300.87,88.504,Bitget,BNB/USDT,2022-11-09T11:15:07.087Z,1.76
302.66,23.9747,300.86,2.0938,Bitget,BNB/USDT,2022-11-09T11:15:07.087Z,1.8
302.67,0.0023,300.84,35.0544,Bitget,BNB/USDT,2022-11-09T11:15:07.087Z,1.83
302.7,22.1675,300.83,0.9059,Bitget,BNB/USDT,2022-11-09T11:15:07.087Z,1.87
300.95,0.17,300.76,0.55,BitMart,BNB/USDT,2022-11-09T11:15:18.631Z,0.19
300.96,0.15,300.74,0.44,BitMart,BNB/USDT,2022-11-09T11:15:18.631Z,0.22
300.98,0.48,300.73,0.26,BitMart,BNB/USDT,2022-11-09T11:15:18.631Z,0.25
300.99,0.18,300.71,0.2,BitMart,BNB/USDT,2022-11-09T11:15:18.631Z,0.28
301.01,0.32,300.66,0.4,BitMart,BNB/USDT,2022-11-09T11:15:18.631Z,0.35
301.02,0.27,300.64,0.42,BitMart,BNB/USDT,2022-11-09T11:15:18.631Z,0.38
301.04,0.41,300.63,0.51,BitMart,BNB/USDT,2022-11-09T11:15:18.631Z,0.41
301.07,0.39,300.61,0.26,BitMart,BNB/USDT,2022-11-09T11:15:18.631Z,0.46
301.1,0.2,300.6,0.15,BitMart,BNB/USDT,2022-11-09T11:15:18.631Z,0.5
301.11,0.38,300.59,0.45,BitMart,BNB/USDT,2022-11-09T11:15:18.631Z,0.52
301.2,0.41,300.58,0.43,BitMart,BNB/USDT,2022-11-09T11:15:18.631Z,0.62
301.27,34.92,300.53,0.46,BitMart,BNB/USDT,2022-11-09T11:15:18.631Z,0.74
301.5,85.2,300.51,0.32,BitMart,BNB/USDT,2022-11-09T11:15:18.631Z,0.99
301.57,104.76,300.49,0.21,BitMart,BNB/USDT,2022-11-09T11:15:18.631Z,1.08
301.75,183.97,300.48,0.58,BitMart,BNB/USDT,2022-11-09T11:15:18.631Z,1.27
301.9,228.84,300.46,0.49,BitMart,BNB/USDT,2022-11-09T11:15:18.631Z,1.44
302.15,161.89,300.45,0.25,BitMart,BNB/USDT,2022-11-09T11:15:18.631Z,1.7
302.17,139.67,300.43,0.41,BitMart,BNB/USDT,2022-11-09T11:15:18.631Z,1.74
302.3,75.63,300.41,0.15,BitMart,BNB/USDT,2022-11-09T11:15:18.631Z,1.89
302.53,95.76,300.4,0.19,BitMart,BNB/USDT,2022-11-09T11:15:18.631Z,2.13
300.8815,0.163,300.6568,0.165,Gate.io,BNB/USDT,2022-11-09T11:15:28.901Z,0.2247
300.9539,0.16,300.6457,0.787,Gate.io,BNB/USDT,2022-11-09T11:15:28.901Z,0.3082
301.0081,0.008,300.5964,0.152,Gate.io,BNB/USDT,2022-11-09T11:15:28.901Z,0.4117
301.1395,0.787,300.527,0.151,Gate.io,BNB/USDT,2022-11-09T11:15:28.901Z,0.6125
301.1736,1.691,300.5006,3.471,Gate.io,BNB/USDT,2022-11-09T11:15:28.901Z,0.673
301.1933,3.471,300.488,1.647,Gate.io,BNB/USDT,2022-11-09T11:15:28.901Z,0.7053
301.2514,1.622,300.4256,0.792,Gate.io,BNB/USDT,2022-11-09T11:15:28.901Z,0.8258
301.2989,0.147,300.3866,1.697,Gate.io,BNB/USDT,2022-11-09T11:15:28.901Z,0.9123
301.426,4.858,300.367,0.004,Gate.io,BNB/USDT,2022-11-09T11:15:28.901Z,1.059
301.5203,1.495,300.3669,3.469,Gate.io,BNB/USDT,2022-11-09T11:15:28.901Z,1.1534
301.545,6.655,300.3605,0.004,Gate.io,BNB/USDT,2022-11-09T11:15:28.901Z,1.1845
301.5838,0.392,300.3023,0.929,Gate.io,BNB/USDT,2022-11-09T11:15:28.901Z,1.2815
301.68,6.655,300.2333,1.333,Gate.io,BNB/USDT,2022-11-09T11:15:28.901Z,1.4467
301.893,10,300.113,0.058,Gate.io,BNB/USDT,2022-11-09T11:15:28.901Z,1.78
301.9595,0.008,300.0367,0.004,Gate.io,BNB/USDT,2022-11-09T11:15:28.901Z,1.9228
302.0096,0.018,300.0366,2.669,Gate.io,BNB/USDT,2022-11-09T11:15:28.901Z,1.973
302.0401,0.005,300.0123,1.495,Gate.io,BNB/USDT,2022-11-09T11:15:28.901Z,2.0278
302.0864,0.004,299.9778,5.187,Gate.io,BNB/USDT,2022-11-09T11:15:28.901Z,2.1086
302.087,9.594,299.7904,5.146,Gate.io,BNB/USDT,2022-11-09T11:15:28.901Z,2.2966
302.1649,0.014,299.76,6.653,Gate.io,BNB/USDT,2022-11-09T11:15:28.901Z,2.4049
301.62,1.0357,300.95,0.6701,Bitget,BNB/USDT,2022-11-09T11:15:40.115Z,0.67
302.04,0.3317,300.92,1.0933,Bitget,BNB/USDT,2022-11-09T11:15:40.115Z,1.12
302.07,0.3317,300.89,2.8772,Bitget,BNB/USDT,2022-11-09T11:15:40.115Z,1.18
302.1,0.483,300.88,0.3319,Bitget,BNB/USDT,2022-11-09T11:15:40.115Z,1.22
302.11,1.6137,300.87,1.287,Bitget,BNB/USDT,2022-11-09T11:15:40.115Z,1.24
302.13,39.6525,300.84,1.485,Bitget,BNB/USDT,2022-11-09T11:15:40.115Z,1.29
302.14,3.4274,300.82,1.3741,Bitget,BNB/USDT,2022-11-09T11:15:40.115Z,1.32
302.15,0.0023,300.79,0.332,Bitget,BNB/USDT,2022-11-09T11:15:40.115Z,1.36
302.19,0.3315,300.77,16.3657,Bitget,BNB/USDT,2022-11-09T11:15:40.115Z,1.42
302.2,1.6691,300.76,5.7133,Bitget,BNB/USDT,2022-11-09T11:15:40.115Z,1.44
302.21,1.5206,300.71,26.8929,Bitget,BNB/USDT,2022-11-09T11:15:40.115Z,1.5
302.22,3.4304,300.7,1.5741,Bitget,BNB/USDT,2022-11-09T11:15:40.115Z,1.52
302.23,107.1101,300.69,0.3321,Bitget,BNB/USDT,2022-11-09T11:15:40.115Z,1.54
302.26,23.265,300.68,0.3321,Bitget,BNB/USDT,2022-11-09T11:15:40.115Z,1.58
302.28,24.7222,300.67,42.5504,Bitget,BNB/USDT,2022-11-09T11:15:40.115Z,1.61
302.29,0.0019,300.66,6.0905,Bitget,BNB/USDT,2022-11-09T11:15:40.115Z,1.63
302.3,0.995,300.63,26.9665,Bitget,BNB/USDT,2022-11-09T11:15:40.115Z,1.67
302.32,28.34,300.59,22.3706,Bitget,BNB/USDT,2022-11-09T11:15:40.115Z,1.73
302.33,38.219,300.58,0.3323,Bitget,BNB/USDT,2022-11-09T11:15:40.115Z,1.75
302.36,46.4232,300.57,40.6365,Bitget,BNB/USDT,2022-11-09T11:15:40.115Z,1.79
301.45,0.45,301.26,0.46,BitMart,BNB/USDT,2022-11-09T11:15:50.970Z,0.19
301.47,0.28,301.2,0.44,BitMart,BNB/USDT,2022-11-09T11:15:50.970Z,0.27
301.48,0.16,301.16,0.39,BitMart,BNB/USDT,2022-11-09T11:15:50.970Z,0.32
301.5,0.5,301.15,0.49,BitMart,BNB/USDT,2022-11-09T11:15:50.970Z,0.35
301.51,0.2,301.14,0.58,BitMart,BNB/USDT,2022-11-09T11:15:50.970Z,0.37
301.53,0.55,301.12,0.31,BitMart,BNB/USDT,2022-11-09T11:15:50.970Z,0.41
301.54,0.32,301.11,0.23,BitMart,BNB/USDT,2022-11-09T11:15:50.970Z,0.43
301.56,0.29,301.09,0.5,BitMart,BNB/USDT,2022-11-09T11:15:50.970Z,0.47
301.57,0.52,301.08,0.54,BitMart,BNB/USDT,2022-11-09T11:15:50.970Z,0.49
301.59,0.56,301.07,0.19,BitMart,BNB/USDT,2022-11-09T11:15:50.970Z,0.52
301.6,0.47,301.05,0.27,BitMart,BNB/USDT,2022-11-09T11:15:50.970Z,0.55
301.62,0.27,301.01,0.22,BitMart,BNB/USDT,2022-11-09T11:15:50.970Z,0.61
301.64,0.14,301,0.54,BitMart,BNB/USDT,2022-11-09T11:15:50.970Z,0.64
301.65,0.43,300.98,0.45,BitMart,BNB/USDT,2022-11-09T11:15:50.970Z,0.67
301.67,0.43,300.97,0.53,BitMart,BNB/USDT,2022-11-09T11:15:50.970Z,0.7
301.68,0.31,300.95,0.56,BitMart,BNB/USDT,2022-11-09T11:15:50.970Z,0.73
301.7,0.35,300.94,0.31,BitMart,BNB/USDT,2022-11-09T11:15:50.970Z,0.76
301.71,0.3,300.92,0.32,BitMart,BNB/USDT,2022-11-09T11:15:50.970Z,0.79
301.74,0.14,300.91,0.47,BitMart,BNB/USDT,2022-11-09T11:15:50.970Z,0.83
301.79,0.3,300.9,0.41,BitMart,BNB/USDT,2022-11-09T11:15:50.970Z,0.89
301.6571,0.004,301.4269,0.162,Gate.io,BNB/USDT,2022-11-09T11:16:01.169Z,0.2302
301.7378,0.171,301.3712,0.143,Gate.io,BNB/USDT,2022-11-09T11:16:01.169Z,0.3666
301.7978,0.787,301.2945,0.787,Gate.io,BNB/USDT,2022-11-09T11:16:01.169Z,0.5033
301.8046,0.816,301.2406,0.008,Gate.io,BNB/USDT,2022-11-09T11:16:01.169Z,0.564
301.8301,0.169,301.2405,1.679,Gate.io,BNB/USDT,2022-11-09T11:16:01.169Z,0.5896
301.9533,0.075,301.2194,3.461,Gate.io,BNB/USDT,2022-11-09T11:16:01.169Z,0.7339
301.9595,0.008,301.1763,0.166,Gate.io,BNB/USDT,2022-11-09T11:16:01.169Z,0.7832
301.9615,0.15,301.0073,0.004,Gate.io,BNB/USDT,2022-11-09T11:16:01.169Z,0.9542
301.9916,3.461,300.9902,1.33,Gate.io,BNB/USDT,2022-11-09T11:16:01.169Z,1.0014
302.0096,0.018,300.9104,0.17,Gate.io,BNB/USDT,2022-11-09T11:16:01.169Z,1.0992
302.0128,1.661,300.9103,1.492,Gate.io,BNB/USDT,2022-11-09T11:16:01.169Z,1.1025
302.0401,0.005,300.8819,0.149,Gate.io,BNB/USDT,2022-11-09T11:16:01.169Z,1.1582
302.0864,0.004,300.7316,6.636,Gate.io,BNB/USDT,2022-11-09T11:16:01.169Z,1.3548
302.1018,3.457,300.7161,3.461,Gate.io,BNB/USDT,2022-11-09T11:16:01.169Z,1.3857
302.1579,1.68,300.6398,5,Gate.io,BNB/USDT,2022-11-09T11:16:01.169Z,1.5181
302.1649,0.014,300.6047,10,Gate.io,BNB/USDT,2022-11-09T11:16:01.169Z,1.5602
302.2422,1.62,300.581,4.858,Gate.io,BNB/USDT,2022-11-09T11:16:01.169Z,1.6612
302.3737,0.006,300.5592,1.352,Gate.io,BNB/USDT,2022-11-09T11:16:01.169Z,1.8145
302.389,4.858,300.5504,6.636,Gate.io,BNB/USDT,2022-11-09T11:16:01.169Z,1.8386
302.3942,1.491,300.4147,5.199,Gate.io,BNB/USDT,2022-11-09T11:16:01.169Z,1.9795
302.15,0.0023,301.3,7.284,Bitget,BNB/USDT,2022-11-09T11:16:12.189Z,0.85
302.22,0.0104,301.27,11.8844,Bitget,BNB/USDT,2022-11-09T11:16:12.189Z,0.95
302.29,0.0019,301.25,1.1366,Bitget,BNB/USDT,2022-11-09T11:16:12.189Z,1.04
302.39,5.122,301.24,0.3315,Bitget,BNB/USDT,2022-11-09T11:16:12.189Z,1.15
302.4,0.0063,301.21,1.7095,Bitget,BNB/USDT,2022-11-09T11:16:12.189Z,1.19
302.42,8.3569,301.2,0.3316,Bitget,BNB/USDT,2022-11-09T11:16:12.189Z,1.22
302.43,24.85,301.19,1.287,Bitget,BNB/USDT,2022-11-09T11:16:12.189Z,1.24
302.44,1.6543,301.17,16.135,Bitget,BNB/USDT,2022-11-09T11:16:12.189Z,1.27
302.45,1.485,301.14,2.2137,Bitget,BNB/USDT,2022-11-09T11:16:12.189Z,1.31
302.46,23.265,301.1,1.485,Bitget,BNB/USDT,2022-11-09T11:16:12.189Z,1.36
302.49,0.3312,301.09,3.2126,Bitget,BNB/USDT,2022-11-09T11:16:12.189Z,1.4
302.5,0.0052,301.07,21.5196,Bitget,BNB/USDT,2022-11-09T11:16:12.189Z,1.43
302.51,1.3751,301.06,29.553,Bitget,BNB/USDT,2022-11-09T11:16:12.189Z,1.45
302.53,27.2834,301.04,0.3318,Bitget,BNB/USDT,2022-11-09T11:16:12.189Z,1.49
302.54,0.3312,301.03,0.9425,Bitget,BNB/USDT,2022-11-09T11:16:12.189Z,1.51
302.57,9.2931,301.02,29.7552,Bitget,BNB/USDT,2022-11-09T11:16:12.189Z,1.55
302.63,104.9825,300.98,26.1413,Bitget,BNB/USDT,2022-11-09T11:16:12.189Z,1.65
302.67,32.8271,300.97,60.1772,Bitget,BNB/USDT,2022-11-09T11:16:12.189Z,1.7
302.7,0.5138,300.94,27.7676,Bitget,BNB/USDT,2022-11-09T11:16:12.189Z,1.76
302.71,33.5499,300.93,0.7623,Bitget,BNB/USDT,2022-11-09T11:16:12.189Z,1.78
301.89,0.31,301.58,0.44,BitMart,BNB/USDT,2022-11-09T11:16:23.034Z,0.31
301.9,0.42,301.51,0.46,BitMart,BNB/USDT,2022-11-09T11:16:23.034Z,0.39
301.92,0.26,301.46,0.5,BitMart,BNB/USDT,2022-11-09T11:16:23.034Z,0.46
301.95,0.27,301.45,0.49,BitMart,BNB/USDT,2022-11-09T11:16:23.034Z,0.5
301.99,0.56,301.39,0.44,BitMart,BNB/USDT,2022-11-09T11:16:23.034Z,0.6
302.01,0.17,301.36,0.19,BitMart,BNB/USDT,2022-11-09T11:16:23.034Z,0.65
302.07,0.57,301.34,0.51,BitMart,BNB/USDT,2022-11-09T11:16:23.034Z,0.73
302.17,0.49,301.31,0.39,BitMart,BNB/USDT,2022-11-09T11:16:23.034Z,0.86
302.19,0.21,301.3,0.23,BitMart,BNB/USDT,2022-11-09T11:16:23.034Z,0.89
302.35,128.53,301.1,182.35,BitMart,BNB/USDT,2022-11-09T11:16:23.034Z,1.25
302.55,122.75,300.99,63.47,BitMart,BNB/USDT,2022-11-09T11:16:23.034Z,1.56
302.73,65.03,300.84,74.56,BitMart,BNB/USDT,2022-11-09T11:16:23.034Z,1.89
302.88,229.62,300.8,75.28,BitMart,BNB/USDT,2022-11-09T11:16:23.034Z,2.08
303.03,112.94,300.6,239.48,BitMart,BNB/USDT,2022-11-09T11:16:23.034Z,2.43
303.24,210.55,300.4,221.96,BitMart,BNB/USDT,2022-11-09T11:16:23.034Z,2.84
303.39,147.06,300.25,60.91,BitMart,BNB/USDT,2022-11-09T11:16:23.034Z,3.14
303.54,189.42,300.05,157.83,BitMart,BNB/USDT,2022-11-09T11:16:23.034Z,3.49
303.74,233.56,299.85,89.06,BitMart,BNB/USDT,2022-11-09T11:16:23.034Z,3.89
303.95,225.54,299.65,190.25,BitMart,BNB/USDT,2022-11-09T11:16:23.034Z,4.3
304.1,126.03,299.5,130.76,BitMart,BNB/USDT,2022-11-09T11:16:23.034Z,4.6
301.3255,0.17,301.0461,0.007,Gate.io,BNB/USDT,2022-11-09T11:16:32.827Z,0.2794
301.4189,0.008,301.046,0.172,Gate.io,BNB/USDT,2022-11-09T11:16:32.827Z,0.3729
301.419,0.787,300.9801,0.0665,Gate.io,BNB/USDT,2022-11-09T11:16:32.827Z,0.4389
301.4192,3.467,300.8977,0.17,Gate.io,BNB/USDT,2022-11-09T11:16:32.827Z,0.5215
301.4706,1.629,300.8956,0.787,Gate.io,BNB/USDT,2022-11-09T11:16:32.827Z,0.575
301.5571,1.636,300.8877,1.629,Gate.io,BNB/USDT,2022-11-09T11:16:32.827Z,0.6694
301.6565,0.004,300.8819,0.149,Gate.io,BNB/USDT,2022-11-09T11:16:32.827Z,0.7746
301.7079,1.648,300.8538,0.004,Gate.io,BNB/USDT,2022-11-09T11:16:32.827Z,0.8541
301.9448,1.493,300.8308,0.162,Gate.io,BNB/USDT,2022-11-09T11:16:32.827Z,1.114
301.95,6.646,300.7878,1.634,Gate.io,BNB/USDT,2022-11-09T11:16:32.827Z,1.1622
301.976,4.858,300.7327,1.168,Gate.io,BNB/USDT,2022-11-09T11:16:32.827Z,1.2433
301.9959,1.192,300.6504,1.672,Gate.io,BNB/USDT,2022-11-09T11:16:32.827Z,1.3455
302.16,6.645,300.5407,3.468,Gate.io,BNB/USDT,2022-11-09T11:16:32.827Z,1.6193
302.1649,0.014,300.5171,3.471,Gate.io,BNB/USDT,2022-11-09T11:16:32.827Z,1.6478
302.194,10,300.4773,1.332,Gate.io,BNB/USDT,2022-11-09T11:16:32.827Z,1.7167
302.2979,3.454,300.4147,5.199,Gate.io,BNB/USDT,2022-11-09T11:16:32.827Z,1.8832
302.348,9.594,300.3961,5.149,Gate.io,BNB/USDT,2022-11-09T11:16:32.827Z,1.9519
302.3737,0.006,300.3024,0.17,Gate.io,BNB/USDT,2022-11-09T11:16:32.827Z,2.0713
302.4,0.056,300.3023,0.929,Gate.io,BNB/USDT,2022-11-09T11:16:32.827Z,2.0977
302.521,0.031,300.285,6.646,Gate.io,BNB/USDT,2022-11-09T11:16:32.827Z,2.236
301.84,0.3319,300.85,1.1382,Bitget,BNB/USDT,2022-11-09T11:16:44.248Z,0.99
301.87,0.3319,300.77,0.3321,Bitget,BNB/USDT,2022-11-09T11:16:44.248Z,1.1
301.91,0.2484,300.74,0.3321,Bitget,BNB/USDT,2022-11-09T11:16:44.248Z,1.17
301.92,34.4302,300.73,1.287,Bitget,BNB/USDT,2022-11-09T11:16:44.248Z,1.19
301.94,0.3318,300.7,0.3321,Bitget,BNB/USDT,2022-11-09T11:16:44.248Z,1.24
301.99,0.3318,300.69,1.485,Bitget,BNB/USDT,2022-11-09T11:16:44.248Z,1.3
302,2.3918,300.68,1.7523,Bitget,BNB/USDT,2022-11-09T11:16:44.248Z,1.32
302.01,7.6648,300.64,0.8633,Bitget,BNB/USDT,2022-11-09T11:16:44.248Z,1.37
302.02,51.5463,300.58,23.0749,Bitget,BNB/USDT,2022-11-09T11:16:44.248Z,1.44
302.06,3.3115,300.54,0.3323,Bitget,BNB/USDT,2022-11-09T11:16:44.248Z,1.52
302.08,39.2585,300.53,31.2245,Bitget,BNB/USDT,2022-11-09T11:16:44.248Z,1.55
302.09,10.2198,300.52,2.2091,Bitget,BNB/USDT,2022-11-09T11:16:44.248Z,1.57
302.1,1.485,300.49,29.6275,Bitget,BNB/USDT,2022-11-09T11:16:44.248Z,1.61
302.12,66.1385,300.48,26.4759,Bitget,BNB/USDT,2022-11-09T11:16:44.248Z,1.64
302.13,54.45,300.46,0.3324,Bitget,BNB/USDT,2022-11-09T11:16:44.248Z,1.67
302.14,54.45,300.45,38.9761,Bitget,BNB/USDT,2022-11-09T11:16:44.248Z,1.69
302.15,23.265,300.44,5.7202,Bitget,BNB/USDT,2022-11-09T11:16:44.248Z,1.71
302.16,37.0494,300.41,36.5063,Bitget,BNB/USDT,2022-11-09T11:16:44.248Z,1.75
302.2,34.5466,300.38,59.3089,Bitget,BNB/USDT,2022-11-09T11:16:44.248Z,1.82
302.22,46.2013,300.37,21.9874,Bitget,BNB/USDT,2022-11-09T11:16:44.248Z,1.85
300.94,0.52,300.64,0.4,BitMart,BNB/USDT,2022-11-09T11:16:55.985Z,0.3
300.96,0.27,300.63,0.57,BitMart,BNB/USDT,2022-11-09T11:16:55.985Z,0.33
300.97,0.27,300.61,0.2,BitMart,BNB/USDT,2022-11-09T11:16:55.985Z,0.36
300.99,0.16,300.6,0.48,BitMart,BNB/USDT,2022-11-09T11:16:55.985Z,0.39
301,0.49,300.58,0.51,BitMart,BNB/USDT,2022-11-09T11:16:55.985Z,0.42
301.02,0.56,300.56,0.15,BitMart,BNB/USDT,2022-11-09T11:16:55.985Z,0.46
301.03,0.19,300.55,0.36,BitMart,BNB/USDT,2022-11-09T11:16:55.985Z,0.48
301.05,0.22,300.53,0.21,BitMart,BNB/USDT,2022-11-09T11:16:55.985Z,0.52
301.06,0.4,300.52,0.24,BitMart,BNB/USDT,2022-11-09T11:16:55.985Z,0.54
301.08,0.32,300.5,0.14,BitMart,BNB/USDT,2022-11-09T11:16:55.985Z,0.58
301.11,0.16,300.49,0.49,BitMart,BNB/USDT,2022-11-09T11:16:55.985Z,0.62
301.14,0.3,300.47,0.18,BitMart,BNB/USDT,2022-11-09T11:16:55.985Z,0.67
301.16,0.33,300.46,0.24,BitMart,BNB/USDT,2022-11-09T11:16:55.985Z,0.7
301.17,0.4,300.44,0.37,BitMart,BNB/USDT,2022-11-09T11:16:55.985Z,0.73
301.19,0.22,300.43,0.55,BitMart,BNB/USDT,2022-11-09T11:16:55.985Z,0.76
301.2,0.22,300.41,0.33,BitMart,BNB/USDT,2022-11-09T11:16:55.985Z,0.79
301.22,0.26,300.4,0.3,BitMart,BNB/USDT,2022-11-09T11:16:55.985Z,0.82
301.25,0.15,300.37,0.56,BitMart,BNB/USDT,2022-11-09T11:16:55.985Z,0.88
301.26,0.54,300.31,0.27,BitMart,BNB/USDT,2022-11-09T11:16:55.985Z,0.95
301.27,0.39,300.3,0.57,BitMart,BNB/USDT,2022-11-09T11:16:55.985Z,0.97
301.0462,0.007,300.8201,0.162,Gate.io,BNB/USDT,2022-11-09T11:17:06.785Z,0.2261
301.1887,3.47,300.7541,0.165,Gate.io,BNB/USDT,2022-11-09T11:17:06.785Z,0.4346
301.2302,1.628,300.7167,0.787,Gate.io,BNB/USDT,2022-11-09T11:17:06.785Z,0.5135
301.3108,1.648,300.7166,1.352,Gate.io,BNB/USDT,2022-11-09T11:17:06.785Z,0.5942
301.3529,0.15,300.6813,0.149,Gate.io,BNB/USDT,2022-11-09T11:17:06.785Z,0.6716
301.4172,0.159,300.5865,1.688,Gate.io,BNB/USDT,2022-11-09T11:17:06.785Z,0.8307
301.4178,0.169,300.5863,0.143,Gate.io,BNB/USDT,2022-11-09T11:17:06.785Z,0.8315
301.4723,0.145,300.5706,5.198,Gate.io,BNB/USDT,2022-11-09T11:17:06.785Z,0.9017
301.4924,3.464,300.5285,3.468,Gate.io,BNB/USDT,2022-11-09T11:17:06.785Z,0.9639
301.6073,1.495,300.5215,0.004,Gate.io,BNB/USDT,2022-11-09T11:17:06.785Z,1.0858
301.678,4.858,300.5159,3.471,Gate.io,BNB/USDT,2022-11-09T11:17:06.785Z,1.1621
301.71,6.651,300.5114,1.332,Gate.io,BNB/USDT,2022-11-09T11:17:06.785Z,1.1986
301.893,10,300.504,1.666,Gate.io,BNB/USDT,2022-11-09T11:17:06.785Z,1.389
301.92,6.651,300.4157,5.162,Gate.io,BNB/USDT,2022-11-09T11:17:06.785Z,1.5043
302.0051,1.296,300.3575,1.623,Gate.io,BNB/USDT,2022-11-09T11:17:06.785Z,1.6476
302.0864,0.004,300.3023,0.929,Gate.io,BNB/USDT,2022-11-09T11:17:06.785Z,1.7841
302.1647,0.363,300.2143,1.494,Gate.io,BNB/USDT,2022-11-09T11:17:06.785Z,1.9504
302.1648,15.101,300.2003,2.668,Gate.io,BNB/USDT,2022-11-09T11:17:06.785Z,1.9645
302.1649,0.014,300.1944,3.47,Gate.io,BNB/USDT,2022-11-09T11:17:06.785Z,1.9705
302.3737,0.006,300.171,4.858,Gate.io,BNB/USDT,2022-11-09T11:17:06.785Z,2.2027
301.45,0.2484,300.42,0.3606,Bitget,BNB/USDT,2022-11-09T11:17:18.921Z,1.03
301.46,4.765,300.41,0.3325,Bitget,BNB/USDT,2022-11-09T11:17:18.921Z,1.05
301.49,7.7745,300.38,0.3499,Bitget,BNB/USDT,2022-11-09T11:17:18.921Z,1.11
301.52,20.4592,300.35,0.9207,Bitget,BNB/USDT,2022-11-09T11:17:18.921Z,1.17
301.6,0.3815,300.34,0.5138,Bitget,BNB/USDT,2022-11-09T11:17:18.921Z,1.26
301.61,1.287,300.33,3.1945,Bitget,BNB/USDT,2022-11-09T11:17:18.921Z,1.28
301.62,36.3766,300.32,2.3412,Bitget,BNB/USDT,2022-11-09T11:17:18.921Z,1.3
301.63,22.4216,300.28,8.3239,Bitget,BNB/USDT,2022-11-09T11:17:18.921Z,1.35
301.67,5.0827,300.27,6.0519,Bitget,BNB/USDT,2022-11-09T11:17:18.921Z,1.4
301.71,25.4817,300.25,0.0333,Bitget,BNB/USDT,2022-11-09T11:17:18.921Z,1.46
301.72,40.7167,300.24,0.3326,Bitget,BNB/USDT,2022-11-09T11:17:18.921Z,1.48
301.74,3.1175,300.2,0.3327,Bitget,BNB/USDT,2022-11-09T11:17:18.921Z,1.54
301.75,34.7056,300.18,21.8528,Bitget,BNB/USDT,2022-11-09T11:17:18.921Z,1.57
301.77,0.9603,300.17,2.0607,Bitget,BNB/USDT,2022-11-09T11:17:18.921Z,1.6
301.79,36.1852,300.16,31.2682,Bitget,BNB/USDT,2022-11-09T11:17:18.921Z,1.63
301.82,34.5678,300.14,0.7791,Bitget,BNB/USDT,2022-11-09T11:17:18.921Z,1.68
301.83,31.7235,300.12,23.1368,Bitget,BNB/USDT,2022-11-09T11:17:18.921Z,1.71
301.87,55.1338,300.1,3.4304,Bitget,BNB/USDT,2022-11-09T11:17:18.921Z,1.77
301.89,8.5833,300.09,0.2208,Bitget,BNB/USDT,2022-11-09T11:17:18.921Z,1.8
301.91,31.6545,300.08,45.9582,Bitget,BNB/USDT,2022-11-09T11:17:18.921Z,1.83
301.24,0.19,301.05,0.45,BitMart,BNB/USDT,2022-11-09T11:17:30.721Z,0.19
301.26,0.27,301.04,0.46,BitMart,BNB/USDT,2022-11-09T11:17:30.721Z,0.22
301.27,0.18,301.03,0.28,BitMart,BNB/USDT,2022-11-09T11:17:30.721Z,0.24
301.29,0.27,301.01,0.33,BitMart,BNB/USDT,2022-11-09T11:17:30.721Z,0.28
301.3,0.36,300.99,0.58,BitMart,BNB/USDT,2022-11-09T11:17:30.721Z,0.31
301.32,0.23,300.98,0.16,BitMart,BNB/USDT,2022-11-09T11:17:30.721Z,0.34
301.33,0.57,300.96,0.17,BitMart,BNB/USDT,2022-11-09T11:17:30.721Z,0.37
301.34,0.42,300.95,0.58,BitMart,BNB/USDT,2022-11-09T11:17:30.721Z,0.39
301.35,0.57,300.93,0.42,BitMart,BNB/USDT,2022-11-09T11:17:30.721Z,0.42
301.37,0.34,300.92,0.55,BitMart,BNB/USDT,2022-11-09T11:17:30.721Z,0.45
301.38,0.35,300.91,0.43,BitMart,BNB/USDT,2022-11-09T11:17:30.721Z,0.47
301.39,0.41,300.89,0.47,BitMart,BNB/USDT,2022-11-09T11:17:30.721Z,0.5
301.41,0.49,300.88,0.39,BitMart,BNB/USDT,2022-11-09T11:17:30.721Z,0.53
301.42,0.21,300.86,0.52,BitMart,BNB/USDT,2022-11-09T11:17:30.721Z,0.56
301.44,0.18,300.85,0.38,BitMart,BNB/USDT,2022-11-09T11:17:30.721Z,0.59
301.45,0.44,300.83,0.46,BitMart,BNB/USDT,2022-11-09T11:17:30.721Z,0.62
301.47,0.41,300.82,0.31,BitMart,BNB/USDT,2022-11-09T11:17:30.721Z,0.65
301.49,0.46,300.8,0.31,BitMart,BNB/USDT,2022-11-09T11:17:30.721Z,0.69
301.51,0.14,300.79,0.57,BitMart,BNB/USDT,2022-11-09T11:17:30.721Z,0.72
301.53,0.48,300.77,0.31,BitMart,BNB/USDT,2022-11-09T11:17:30.721Z,0.76
301.0462,0.007,300.8215,0.159,Gate.io,BNB/USDT,2022-11-09T11:17:40.994Z,0.2247
301.1112,0.074,300.7705,0.787,Gate.io,BNB/USDT,2022-11-09T11:17:40.994Z,0.3407
301.1113,3.462,300.7448,0.143,Gate.io,BNB/USDT,2022-11-09T11:17:40.994Z,0.3665
301.2064,1.625,300.681,1.65,Gate.io,BNB/USDT,2022-11-09T11:17:40.994Z,0.5254
301.3524,0.147,300.6722,0.164,Gate.io,BNB/USDT,2022-11-09T11:17:40.994Z,0.6802
301.3559,1.65,300.6197,1.512,Gate.io,BNB/USDT,2022-11-09T11:17:40.994Z,0.7362
301.4043,0.167,300.5855,1.699,Gate.io,BNB/USDT,2022-11-09T11:17:40.994Z,0.8188
301.4708,0.144,300.5564,0.157,Gate.io,BNB/USDT,2022-11-09T11:17:40.994Z,0.9144
301.5453,0.146,300.5215,0.004,Gate.io,BNB/USDT,2022-11-09T11:17:40.994Z,1.0238
301.5539,1.495,300.4888,1.702,Gate.io,BNB/USDT,2022-11-09T11:17:40.994Z,1.0651
301.62,6.653,300.4489,1.333,Gate.io,BNB/USDT,2022-11-09T11:17:40.994Z,1.1711
301.6268,1.66,300.4384,3.469,Gate.io,BNB/USDT,2022-11-09T11:17:40.994Z,1.1884
301.729,4.858,300.4292,3.463,Gate.io,BNB/USDT,2022-11-09T11:17:40.994Z,1.2998
301.8,6.652,300.3898,5.192,Gate.io,BNB/USDT,2022-11-09T11:17:40.994Z,1.4102
301.8796,0.816,300.3023,0.929,Gate.io,BNB/USDT,2022-11-09T11:17:40.994Z,1.5773
301.893,10,300.2285,2.669,Gate.io,BNB/USDT,2022-11-09T11:17:40.994Z,1.6645
301.9099,3.317,300.1321,0.17,Gate.io,BNB/USDT,2022-11-09T11:17:40.994Z,1.7778
302.0864,0.004,300.113,0.058,Gate.io,BNB/USDT,2022-11-09T11:17:40.994Z,1.9734
302.1647,0.363,300.023,1.495,Gate.io,BNB/USDT,2022-11-09T11:17:40.994Z,2.1417
302.1649,0.014,300.0156,3.471,Gate.io,BNB/USDT,2022-11-09T11:17:40.994Z,2.1493
301.69,14.3366,300.63,1.139,Bitget,BNB/USDT,2022-11-09T11:17:52.041Z,1.06
301.72,23.3913,300.61,0.3322,Bitget,BNB/USDT,2022-11-09T11:17:52.041Z,1.11
301.75,1.6484,300.58,0.3323,Bitget,BNB/USDT,2022-11-09T11:17:52.041Z,1.17
301.76,3.4274,300.57,0.6133,Bitget,BNB/USDT,2022-11-09T11:17:52.041Z,1.19
301.77,0.332,300.56,1.287,Bitget,BNB/USDT,2022-11-09T11:17:52.041Z,1.21
301.82,25.5935,300.53,0.3323,Bitget,BNB/USDT,2022-11-09T11:17:52.041Z,1.29
301.83,1.8005,300.51,2.2612,Bitget,BNB/USDT,2022-11-09T11:17:52.041Z,1.32
301.84,1.287,300.5,35.0658,Bitget,BNB/USDT,2022-11-09T11:17:52.041Z,1.34
301.85,1.6414,300.48,11.4078,Bitget,BNB/USDT,2022-11-09T11:17:52.041Z,1.37
301.86,1.287,300.45,8.4318,Bitget,BNB/USDT,2022-11-09T11:17:52.041Z,1.41
301.87,0.3319,300.44,2.1324,Bitget,BNB/USDT,2022-11-09T11:17:52.041Z,1.43
301.91,1.6414,300.43,0.3324,Bitget,BNB/USDT,2022-11-09T11:17:52.041Z,1.48
301.92,68.2298,300.42,1.485,Bitget,BNB/USDT,2022-11-09T11:17:52.041Z,1.5
301.93,35.8048,300.38,19.4545,Bitget,BNB/USDT,2022-11-09T11:17:52.041Z,1.55
301.97,22.9441,300.37,36.8917,Bitget,BNB/USDT,2022-11-09T11:17:52.041Z,1.6
301.98,5.6915,300.36,6.1271,Bitget,BNB/USDT,2022-11-09T11:17:52.041Z,1.62
301.99,0.7416,300.33,35.2614,Bitget,BNB/USDT,2022-11-09T11:17:52.041Z,1.66
302,0.7079,300.32,0.3326,Bitget,BNB/USDT,2022-11-09T11:17:52.041Z,1.68
302.01,23.4875,300.3,0.3326,Bitget,BNB/USDT,2022-11-09T11:17:52.041Z,1.71
302.02,50.2821,300.29,26.9291,Bitget,BNB/USDT,2022-11-09T11:17:52.041Z,1.73
301.04,0.46,300.85,0.51,BitMart,BNB/USDT,2022-11-09T11:18:03.002Z,0.19
301.12,0.26,300.84,0.34,BitMart,BNB/USDT,2022-11-09T11:18:03.002Z,0.28
301.15,0.26,300.83,0.28,BitMart,BNB/USDT,2022-11-09T11:18:03.002Z,0.32
301.16,0.48,300.81,0.52,BitMart,BNB/USDT,2022-11-09T11:18:03.002Z,0.35
301.17,0.54,300.79,0.38,BitMart,BNB/USDT,2022-11-09T11:18:03.002Z,0.38
301.19,0.18,300.78,0.17,BitMart,BNB/USDT,2022-11-09T11:18:03.002Z,0.41
301.2,0.22,300.77,0.36,BitMart,BNB/USDT,2022-11-09T11:18:03.002Z,0.43
301.22,0.23,300.75,0.07,BitMart,BNB/USDT,2022-11-09T11:18:03.002Z,0.47
301.23,0.48,300.74,0.42,BitMart,BNB/USDT,2022-11-09T11:18:03.002Z,0.49
301.25,0.48,300.72,0.38,BitMart,BNB/USDT,2022-11-09T11:18:03.002Z,0.53
301.26,0.19,300.71,0.27,BitMart,BNB/USDT,2022-11-09T11:18:03.002Z,0.55
301.28,0.43,300.69,0.37,BitMart,BNB/USDT,2022-11-09T11:18:03.002Z,0.59
301.29,0.43,300.68,0.19,BitMart,BNB/USDT,2022-11-09T11:18:03.002Z,0.61
301.31,0.53,300.66,0.45,BitMart,BNB/USDT,2022-11-09T11:18:03.002Z,0.65
301.32,0.32,300.65,0.24,BitMart,BNB/USDT,2022-11-09T11:18:03.002Z,0.67
301.34,0.19,300.63,0.27,BitMart,BNB/USDT,2022-11-09T11:18:03.002Z,0.71
301.35,0.51,300.62,0.2,BitMart,BNB/USDT,2022-11-09T11:18:03.002Z,0.73
301.37,0.18,300.6,0.51,BitMart,BNB/USDT,2022-11-09T11:18:03.002Z,0.77
301.38,0.13,300.57,0.41,BitMart,BNB/USDT,2022-11-09T11:18:03.002Z,0.81
301.4,0.31,300.56,0.56,BitMart,BNB/USDT,2022-11-09T11:18:03.002Z,0.84
301.5602,0.146,301.3236,0.147,Gate.io,BNB/USDT,2022-11-09T11:18:13.244Z,0.2366
301.6565,0.004,301.3122,0.164,Gate.io,BNB/USDT,2022-11-09T11:18:13.244Z,0.3443
301.6575,0.17,301.2843,0.787,Gate.io,BNB/USDT,2022-11-09T11:18:13.244Z,0.3732
301.707,0.787,301.2305,0.142,Gate.io,BNB/USDT,2022-11-09T11:18:13.244Z,0.4765
301.7131,1.684,301.1973,1.329,Gate.io,BNB/USDT,2022-11-09T11:18:13.244Z,0.5158
301.7241,0.158,301.1144,1.01,Gate.io,BNB/USDT,2022-11-09T11:18:13.244Z,0.6097
301.7902,1.645,301.0876,1.662,Gate.io,BNB/USDT,2022-11-09T11:18:13.244Z,0.7026
301.7942,3.46,301.0461,0.007,Gate.io,BNB/USDT,2022-11-09T11:18:13.244Z,0.7481
301.7976,3.458,301.0253,2.661,Gate.io,BNB/USDT,2022-11-09T11:18:13.244Z,0.7723
301.8894,1.658,300.991,3.459,Gate.io,BNB/USDT,2022-11-09T11:18:13.244Z,0.8984
301.9132,1.646,300.7329,5.328,Gate.io,BNB/USDT,2022-11-09T11:18:13.244Z,1.1803
301.927,4.858,300.7292,0.264,Gate.io,BNB/USDT,2022-11-09T11:18:13.244Z,1.1978
301.9403,1.504,300.7075,1.492,Gate.io,BNB/USDT,2022-11-09T11:18:13.244Z,1.2328
302.0362,3.315,300.676,3.464,Gate.io,BNB/USDT,2022-11-09T11:18:13.244Z,1.3602
302.076,1.493,300.5353,6.641,Gate.io,BNB/USDT,2022-11-09T11:18:13.244Z,1.5407
302.0864,0.004,300.482,6,Gate.io,BNB/USDT,2022-11-09T11:18:13.244Z,1.6044
302.1649,0.014,300.4599,0.17,Gate.io,BNB/USDT,2022-11-09T11:18:13.244Z,1.705
302.3624,6.641,300.401,4.858,Gate.io,BNB/USDT,2022-11-09T11:18:13.244Z,1.9614
302.3737,0.006,300.3951,0.075,Gate.io,BNB/USDT,2022-11-09T11:18:13.244Z,1.9786
302.3799,6.624,300.395,26.67,Gate.io,BNB/USDT,2022-11-09T11:18:13.244Z,1.9849
302.15,0.0023,301.12,1.287,Bitget,BNB/USDT,2022-11-09T11:18:24.335Z,1.03
302.22,0.0104,301.11,1.1372,Bitget,BNB/USDT,2022-11-09T11:18:24.335Z,1.11
302.23,20.2435,301.1,1.287,Bitget,BNB/USDT,2022-11-09T11:18:24.335Z,1.13
302.26,1.2177,301.09,0.3317,Bitget,BNB/USDT,2022-11-09T11:18:24.335Z,1.17
302.27,1.6216,301.07,23.2026,Bitget,BNB/USDT,2022-11-09T11:18:24.335Z,1.2
302.29,0.0019,301.04,0.3318,Bitget,BNB/USDT,2022-11-09T11:18:24.335Z,1.25
302.32,5.7677,301.01,0.3318,Bitget,BNB/USDT,2022-11-09T11:18:24.335Z,1.31
302.33,54.248,300.97,74.7381,Bitget,BNB/USDT,2022-11-09T11:18:24.335Z,1.36
302.34,5.5955,300.95,0.3319,Bitget,BNB/USDT,2022-11-09T11:18:24.335Z,1.39
302.36,23.6875,300.92,0.3319,Bitget,BNB/USDT,2022-11-09T11:18:24.335Z,1.44
302.4,0.0063,300.9,2.2215,Bitget,BNB/USDT,2022-11-09T11:18:24.335Z,1.5
302.42,2.2532,300.89,30.4882,Bitget,BNB/USDT,2022-11-09T11:18:24.335Z,1.53
302.43,27.3339,300.87,51.2731,Bitget,BNB/USDT,2022-11-09T11:18:24.335Z,1.56
302.46,37.3687,300.85,24.4058,Bitget,BNB/USDT,2022-11-09T11:18:24.335Z,1.61
302.47,1.6424,300.84,35.0658,Bitget,BNB/USDT,2022-11-09T11:18:24.335Z,1.63
302.5,34.2949,300.83,1.485,Bitget,BNB/USDT,2022-11-09T11:18:24.335Z,1.67
302.52,3.4244,300.82,0.5326,Bitget,BNB/USDT,2022-11-09T11:18:24.335Z,1.7
302.53,31.1533,300.81,36.0865,Bitget,BNB/USDT,2022-11-09T11:18:24.335Z,1.72
302.54,31.4018,300.8,22.5602,Bitget,BNB/USDT,2022-11-09T11:18:24.335Z,1.74
302.58,38.6344,300.79,1.4583,Bitget,BNB/USDT,2022-11-09T11:18:24.335Z,1.79
301.65,0.36,301.46,0.47,BitMart,BNB/USDT,2022-11-09T11:18:35.132Z,0.19
301.66,0.3,301.44,0.43,BitMart,BNB/USDT,2022-11-09T11:18:35.132Z,0.22
301.67,0.21,301.43,0.38,BitMart,BNB/USDT,2022-11-09T11:18:35.132Z,0.24
301.69,0.17,301.41,0.26,BitMart,BNB/USDT,2022-11-09T11:18:35.132Z,0.28
301.7,0.18,301.38,0.39,BitMart,BNB/USDT,2022-11-09T11:18:35.132Z,0.32
301.72,0.15,301.35,0.5,BitMart,BNB/USDT,2022-11-09T11:18:35.132Z,0.37
301.73,0.21,301.34,0.14,BitMart,BNB/USDT,2022-11-09T11:18:35.132Z,0.39
301.75,0.31,301.32,0.31,BitMart,BNB/USDT,2022-11-09T11:18:35.132Z,0.43
301.76,0.3,301.31,0.43,BitMart,BNB/USDT,2022-11-09T11:18:35.132Z,0.45
301.77,0.32,301.29,0.52,BitMart,BNB/USDT,2022-11-09T11:18:35.132Z,0.48
301.78,0.15,301.28,0.4,BitMart,BNB/USDT,2022-11-09T11:18:35.132Z,0.5
301.79,0.34,301.26,0.53,BitMart,BNB/USDT,2022-11-09T11:18:35.132Z,0.53
301.8,0.45,301.24,0.29,BitMart,BNB/USDT,2022-11-09T11:18:35.132Z,0.56
301.82,0.48,301.23,0.55,BitMart,BNB/USDT,2022-11-09T11:18:35.132Z,0.59
301.84,0.36,301.22,0.15,BitMart,BNB/USDT,2022-11-09T11:18:35.132Z,0.62
301.85,0.38,301.2,0.31,BitMart,BNB/USDT,2022-11-09T11:18:35.132Z,0.65
301.87,0.56,301.19,0.42,BitMart,BNB/USDT,2022-11-09T11:18:35.132Z,0.68
301.88,0.28,301.18,0.21,BitMart,BNB/USDT,2022-11-09T11:18:35.132Z,0.7
301.9,0.22,301.17,0.42,BitMart,BNB/USDT,2022-11-09T11:18:35.132Z,0.73
301.94,0.17,301.16,0.58,BitMart,BNB/USDT,2022-11-09T11:18:35.132Z,0.78
301.591,0.171,301.2504,0.074,Gate.io,BNB/USDT,2022-11-09T11:18:46.599Z,0.3406
301.5941,3.459,301.2503,0.158,Gate.io,BNB/USDT,2022-11-09T11:18:46.599Z,0.3438
301.6527,0.161,301.1573,0.17,Gate.io,BNB/USDT,2022-11-09T11:18:46.599Z,0.4954
301.6565,0.004,301.0998,0.787,Gate.io,BNB/USDT,2022-11-09T11:18:46.599Z,0.5567
301.6606,1.638,301.0876,1.636,Gate.io,BNB/USDT,2022-11-09T11:18:46.599Z,0.573
301.7204,0.149,301.0461,0.007,Gate.io,BNB/USDT,2022-11-09T11:18:46.599Z,0.6743
301.774,4.858,301.001,3.46,Gate.io,BNB/USDT,2022-11-09T11:18:46.599Z,0.773
301.7897,0.164,300.9876,1.653,Gate.io,BNB/USDT,2022-11-09T11:18:46.599Z,0.8021
301.8115,1.656,300.9603,0.166,Gate.io,BNB/USDT,2022-11-09T11:18:46.599Z,0.8512
301.8796,0.816,300.8877,1.66,Gate.io,BNB/USDT,2022-11-09T11:18:46.599Z,0.9919
301.9923,3.459,300.817,3.464,Gate.io,BNB/USDT,2022-11-09T11:18:46.599Z,1.1753
302.076,1.493,300.746,1.331,Gate.io,BNB/USDT,2022-11-09T11:18:46.599Z,1.33
302.0864,0.004,300.7052,5.19,Gate.io,BNB/USDT,2022-11-09T11:18:46.599Z,1.3812
302.118,9.594,300.6499,1.168,Gate.io,BNB/USDT,2022-11-09T11:18:46.599Z,1.4681
302.1649,0.014,300.5149,2.665,Gate.io,BNB/USDT,2022-11-09T11:18:46.599Z,1.65
302.2416,6.642,300.512,4.858,Gate.io,BNB/USDT,2022-11-09T11:18:46.599Z,1.7296
302.2449,0.438,300.456,9.594,Gate.io,BNB/USDT,2022-11-09T11:18:46.599Z,1.7889
302.245,15.101,300.3906,0.17,Gate.io,BNB/USDT,2022-11-09T11:18:46.599Z,1.8544
302.2807,1.656,300.3905,1.492,Gate.io,BNB/USDT,2022-11-09T11:18:46.599Z,1.8902
302.2943,10,300.319,6,Gate.io,BNB/USDT,2022-11-09T11:18:46.599Z,1.9753
302.06,0.3317,301.09,1.1335,Bitget,BNB/USDT,2022-11-09T11:18:57.448Z,0.97
302.09,0.3317,300.98,0.4891,Bitget,BNB/USDT,2022-11-09T11:18:57.448Z,1.11
302.13,48.1873,300.95,0.7979,Bitget,BNB/USDT,2022-11-09T11:18:57.448Z,1.18
302.15,0.0023,300.94,2.1866,Bitget,BNB/USDT,2022-11-09T11:18:57.448Z,1.21
302.18,0.3316,300.92,0.693,Bitget,BNB/USDT,2022-11-09T11:18:57.448Z,1.26
302.19,0.3315,300.91,1.5553,Bitget,BNB/USDT,2022-11-09T11:18:57.448Z,1.28
302.21,1.287,300.88,0.8821,Bitget,BNB/USDT,2022-11-09T11:18:57.448Z,1.33
302.22,4.628,300.87,112.3333,Bitget,BNB/USDT,2022-11-09T11:18:57.448Z,1.35
302.23,21.4118,300.84,4.151,Bitget,BNB/USDT,2022-11-09T11:18:57.448Z,1.39
302.24,6.0618,300.83,0.332,Bitget,BNB/USDT,2022-11-09T11:18:57.448Z,1.41
302.25,0.3315,300.82,35.0856,Bitget,BNB/USDT,2022-11-09T11:18:57.448Z,1.43
302.29,0.0019,300.79,0.5128,Bitget,BNB/USDT,2022-11-09T11:18:57.448Z,1.5
302.3,1.6286,300.77,24.9098,Bitget,BNB/USDT,2022-11-09T11:18:57.448Z,1.53
302.31,29.3916,300.74,0.7791,Bitget,BNB/USDT,2022-11-09T11:18:57.448Z,1.57
302.32,3.5868,300.73,29.0617,Bitget,BNB/USDT,2022-11-09T11:18:57.448Z,1.59
302.33,71.6423,300.72,0.3321,Bitget,BNB/USDT,2022-11-09T11:18:57.448Z,1.61
302.34,1.6394,300.71,5.5955,Bitget,BNB/USDT,2022-11-09T11:18:57.448Z,1.63
302.35,37.5631,300.7,2.2495,Bitget,BNB/USDT,2022-11-09T11:18:57.448Z,1.65
302.36,0.7049,300.69,36.3365,Bitget,BNB/USDT,2022-11-09T11:18:57.448Z,1.67
302.39,24.9014,300.67,47.0062,Bitget,BNB/USDT,2022-11-09T11:18:57.448Z,1.72
301.8,0.56,301.63,0.24,BitMart,BNB/USDT,2022-11-09T11:19:10.340Z,0.17
301.82,0.56,301.57,0.32,BitMart,BNB/USDT,2022-11-09T11:19:10.340Z,0.25
301.86,0.17,301.51,0.46,BitMart,BNB/USDT,2022-11-09T11:19:10.340Z,0.35
301.87,0.38,301.49,0.27,BitMart,BNB/USDT,2022-11-09T11:19:10.340Z,0.38
301.89,0.46,301.45,0.39,BitMart,BNB/USDT,2022-11-09T11:19:10.340Z,0.44
301.9,0.41,301.43,0.51,BitMart,BNB/USDT,2022-11-09T11:19:10.340Z,0.47
301.93,0.17,301.36,0.26,BitMart,BNB/USDT,2022-11-09T11:19:10.340Z,0.57
301.94,0.33,301.34,0.3,BitMart,BNB/USDT,2022-11-09T11:19:10.340Z,0.6
301.96,0.49,301.33,0.35,BitMart,BNB/USDT,2022-11-09T11:19:10.340Z,0.63
301.97,0.52,301.31,0.58,BitMart,BNB/USDT,2022-11-09T11:19:10.340Z,0.66
301.99,0.34,301.3,0.41,BitMart,BNB/USDT,2022-11-09T11:19:10.340Z,0.69
302,0.45,301.28,0.49,BitMart,BNB/USDT,2022-11-09T11:19:10.340Z,0.72
302.03,0.37,301.26,0.41,BitMart,BNB/USDT,2022-11-09T11:19:10.340Z,0.77
302.06,0.53,301.24,0.25,BitMart,BNB/USDT,2022-11-09T11:19:10.340Z,0.82
302.07,0.28,301.23,0.56,BitMart,BNB/USDT,2022-11-09T11:19:10.340Z,0.84
302.25,60.38,301.21,0.39,BitMart,BNB/USDT,2022-11-09T11:19:10.340Z,1.04
302.55,122.75,301.2,0.34,BitMart,BNB/USDT,2022-11-09T11:19:10.340Z,1.35
302.73,65.03,301.15,228.87,BitMart,BNB/USDT,2022-11-09T11:19:10.340Z,1.58
302.88,229.62,301.14,0.17,BitMart,BNB/USDT,2022-11-09T11:19:10.340Z,1.74
303.03,112.94,301.11,0.15,BitMart,BNB/USDT,2022-11-09T11:19:10.340Z,1.92
302.1558,1.4,302.006,0.074,Gate.io,BNB/USDT,2022-11-09T11:19:20.080Z,0.1498
302.2444,0.143,302.0059,0.157,Gate.io,BNB/USDT,2022-11-09T11:19:20.080Z,0.2385
302.3076,0.158,301.9438,0.155,Gate.io,BNB/USDT,2022-11-09T11:19:20.080Z,0.3638
302.3414,1.664,301.9294,0.787,Gate.io,BNB/USDT,2022-11-09T11:19:20.080Z,0.412
302.3872,0.787,301.88,0.17,Gate.io,BNB/USDT,2022-11-09T11:19:20.080Z,0.5072
302.3874,3.43337,301.8072,0.172,Gate.io,BNB/USDT,2022-11-09T11:19:20.080Z,0.5802
302.3921,3.455,301.7871,1.635,Gate.io,BNB/USDT,2022-11-09T11:19:20.080Z,0.605
302.4,0.056,301.6871,1.636,Gate.io,BNB/USDT,2022-11-09T11:19:20.080Z,0.7129
302.4191,1.676,301.6556,0.004,Gate.io,BNB/USDT,2022-11-09T11:19:20.080Z,0.7635
302.521,0.031,301.6536,1.327,Gate.io,BNB/USDT,2022-11-09T11:19:20.080Z,0.8674
302.5252,0.013,301.5872,1.631,Gate.io,BNB/USDT,2022-11-09T11:19:20.080Z,0.938
302.5281,0.008,301.493,3.455,Gate.io,BNB/USDT,2022-11-09T11:19:20.080Z,1.0351
302.5774,0.058,301.3253,2.658,Gate.io,BNB/USDT,2022-11-09T11:19:20.080Z,1.2521
302.6322,0.006,301.1847,0.17,Gate.io,BNB/USDT,2022-11-09T11:19:20.080Z,1.4475
302.6736,0.006,301.1544,6.627,Gate.io,BNB/USDT,2022-11-09T11:19:20.080Z,1.5192
302.7214,1.654,301.1199,5.182,Gate.io,BNB/USDT,2022-11-09T11:19:20.080Z,1.6015
302.7283,0.929,301.112,4.858,Gate.io,BNB/USDT,2022-11-09T11:19:20.080Z,1.6163
302.7921,0.014,301.0336,6.626,Gate.io,BNB/USDT,2022-11-09T11:19:20.080Z,1.7585
302.7961,1.489,301.0204,3.46,Gate.io,BNB/USDT,2022-11-09T11:19:20.080Z,1.7757
302.8305,6.626,301.0001,1.49,Gate.io,BNB/USDT,2022-11-09T11:19:20.080Z,1.8304
302.5,0.0052,302.11,0.3306,Bitget,BNB/USDT,2022-11-09T11:19:32.315Z,0.39
302.63,0.0202,302.08,0.3499,Bitget,BNB/USDT,2022-11-09T11:19:32.315Z,0.55
302.67,0.0023,302.05,0.9207,Bitget,BNB/USDT,2022-11-09T11:19:32.315Z,0.62
302.87,0.0023,302.04,0.3307,Bitget,BNB/USDT,2022-11-09T11:19:32.315Z,0.83
302.93,0.223,302.03,2.9066,Bitget,BNB/USDT,2022-11-09T11:19:32.315Z,0.9
303.05,0.0021,301.99,1.4533,Bitget,BNB/USDT,2022-11-09T11:19:32.315Z,1.06
303.2,0.3304,301.98,0.3307,Bitget,BNB/USDT,2022-11-09T11:19:32.315Z,1.22
303.23,0.3304,301.97,2.2441,Bitget,BNB/USDT,2022-11-09T11:19:32.315Z,1.26
303.26,0.5702,301.94,0.6182,Bitget,BNB/USDT,2022-11-09T11:19:32.315Z,1.32
303.29,0.3303,301.93,7.1973,Bitget,BNB/USDT,2022-11-09T11:19:32.315Z,1.36
303.32,0.3303,301.92,0.3308,Bitget,BNB/USDT,2022-11-09T11:19:32.315Z,1.4
303.33,21.186,301.91,2.4359,Bitget,BNB/USDT,2022-11-09T11:19:32.315Z,1.42
303.4,0.3302,301.89,0.9544,Bitget,BNB/USDT,2022-11-09T11:19:32.315Z,1.51
303.41,0.3302,301.87,57.53,Bitget,BNB/USDT,2022-11-09T11:19:32.315Z,1.54
303.42,3.4185,301.86,2.1381,Bitget,BNB/USDT,2022-11-09T11:19:32.315Z,1.56
303.43,46.8617,301.83,34.2844,Bitget,BNB/USDT,2022-11-09T11:19:32.315Z,1.6
303.44,33.4561,301.81,0.3309,Bitget,BNB/USDT,2022-11-09T11:19:32.315Z,1.63
303.48,21.3039,301.79,36.159,Bitget,BNB/USDT,2022-11-09T11:19:32.315Z,1.69
303.52,28.0503,301.77,29.4555,Bitget,BNB/USDT,2022-11-09T11:19:32.315Z,1.75
303.53,95.6855,301.75,25.1671,Bitget,BNB/USDT,2022-11-09T11:19:32.315Z,1.78
302.74,0.52,302.43,0.32,BitMart,BNB/USDT,2022-11-09T11:19:43.076Z,0.31
302.76,0.16,302.4,0.43,BitMart,BNB/USDT,2022-11-09T11:19:43.076Z,0.36
302.77,0.27,302.38,0.23,BitMart,BNB/USDT,2022-11-09T11:19:43.076Z,0.39
302.79,0.24,302.35,0.16,BitMart,BNB/USDT,2022-11-09T11:19:43.076Z,0.44
302.8,0.57,302.34,0.26,BitMart,BNB/USDT,2022-11-09T11:19:43.076Z,0.46
302.81,0.36,302.32,0.16,BitMart,BNB/USDT,2022-11-09T11:19:43.076Z,0.49
302.82,0.25,302.31,0.52,BitMart,BNB/USDT,2022-11-09T11:19:43.076Z,0.51
302.84,0.35,302.3,0.25,BitMart,BNB/USDT,2022-11-09T11:19:43.076Z,0.54
302.85,0.46,302.28,0.17,BitMart,BNB/USDT,2022-11-09T11:19:43.076Z,0.57
302.87,0.35,302.27,0.45,BitMart,BNB/USDT,2022-11-09T11:19:43.076Z,0.6
302.88,0.59,302.26,0.33,BitMart,BNB/USDT,2022-11-09T11:19:43.076Z,0.62
302.9,0.44,302.24,0.18,BitMart,BNB/USDT,2022-11-09T11:19:43.076Z,0.66
302.92,0.25,302.23,0.53,BitMart,BNB/USDT,2022-11-09T11:19:43.076Z,0.69
302.93,0.5,302.21,0.36,BitMart,BNB/USDT,2022-11-09T11:19:43.076Z,0.72
302.94,0.2,302.2,0.33,BitMart,BNB/USDT,2022-11-09T11:19:43.076Z,0.74
302.95,0.23,302.19,0.47,BitMart,BNB/USDT,2022-11-09T11:19:43.076Z,0.76
302.97,0.46,302.17,0.33,BitMart,BNB/USDT,2022-11-09T11:19:43.076Z,0.8
303,0.52,302.13,0.59,BitMart,BNB/USDT,2022-11-09T11:19:43.076Z,0.87
303.01,0.32,302.04,0.34,BitMart,BNB/USDT,2022-11-09T11:19:43.076Z,0.97
303.06,0.46,302.01,0.27,BitMart,BNB/USDT,2022-11-09T11:19:43.076Z,1.05
302.5805,0.162,302.3442,0.16,Gate.io,BNB/USDT,2022-11-09T11:19:52.501Z,0.2363
302.6626,0.147,302.3075,0.008,Gate.io,BNB/USDT,2022-11-09T11:19:52.501Z,0.3551
302.7272,0.787,302.2721,0.787,Gate.io,BNB/USDT,2022-11-09T11:19:52.501Z,0.4551
302.7283,0.929,302.2185,0.145,Gate.io,BNB/USDT,2022-11-09T11:19:52.501Z,0.5098
302.7313,0.171,302.1883,0.004,Gate.io,BNB/USDT,2022-11-09T11:19:52.501Z,0.543
302.7506,1.424,302.1882,1.007,Gate.io,BNB/USDT,2022-11-09T11:19:52.501Z,0.5624
302.7885,1.651,302.1868,1.649,Gate.io,BNB/USDT,2022-11-09T11:19:52.501Z,0.6017
302.7909,3.452,302.1838,0.169,Gate.io,BNB/USDT,2022-11-09T11:19:52.501Z,0.6071
302.7921,0.014,302.1362,3.452,Gate.io,BNB/USDT,2022-11-09T11:19:52.501Z,0.6559
302.8044,1.653,302.0869,1.632,Gate.io,BNB/USDT,2022-11-09T11:19:52.501Z,0.7175
302.8776,0.01,301.9659,1.633,Gate.io,BNB/USDT,2022-11-09T11:19:52.501Z,0.9117
302.9273,1.658,301.917,4.858,Gate.io,BNB/USDT,2022-11-09T11:19:52.501Z,1.0103
302.9607,0.004,301.8684,2.322,Gate.io,BNB/USDT,2022-11-09T11:19:52.501Z,1.0923
303.0012,3.305,301.811,9.594,Gate.io,BNB/USDT,2022-11-09T11:19:52.501Z,1.1902
303.0303,0.005,301.7176,1.486,Gate.io,BNB/USDT,2022-11-09T11:19:52.501Z,1.3127
303.0865,0.131,301.6765,4.647,Gate.io,BNB/USDT,2022-11-09T11:19:52.501Z,1.41
303.1066,0.006,301.5991,0.17,Gate.io,BNB/USDT,2022-11-09T11:19:52.501Z,1.5075
303.1914,0.011,301.5319,6.619,Gate.io,BNB/USDT,2022-11-09T11:19:52.501Z,1.6595
303.208,6.618,301.5152,7,Gate.io,BNB/USDT,2022-11-09T11:19:52.501Z,1.6928
303.236,4.858,301.5086,0.656,Gate.io,BNB/USDT,2022-11-09T11:19:52.501Z,1.7274
302.87,0.0023,302.3,0.3304,Bitget,BNB/USDT,2022-11-09T11:20:04.316Z,0.57
302.93,0.223,302.27,0.3304,Bitget,BNB/USDT,2022-11-09T11:20:04.316Z,0.66
303.05,0.0021,302.24,1.1328,Bitget,BNB/USDT,2022-11-09T11:20:04.316Z,0.81
303.33,0.0056,302.22,0.3305,Bitget,BNB/USDT,2022-11-09T11:20:04.316Z,1.11
303.4,0.3302,302.19,1.485,Bitget,BNB/USDT,2022-11-09T11:20:04.316Z,1.21
303.43,0.3302,302.18,2.7958,Bitget,BNB/USDT,2022-11-09T11:20:04.316Z,1.25
303.46,0.3302,302.17,12.5393,Bitget,BNB/USDT,2022-11-09T11:20:04.316Z,1.29
303.48,0.3301,302.12,0.3306,Bitget,BNB/USDT,2022-11-09T11:20:04.316Z,1.36
303.49,0.3301,302.09,1.0692,Bitget,BNB/USDT,2022-11-09T11:20:04.316Z,1.4
303.52,1.7909,302.07,37.2992,Bitget,BNB/USDT,2022-11-09T11:20:04.316Z,1.45
303.53,37.3448,302.06,21.1873,Bitget,BNB/USDT,2022-11-09T11:20:04.316Z,1.47
303.56,0.7791,302.04,0.9603,Bitget,BNB/USDT,2022-11-09T11:20:04.316Z,1.52
303.57,1.3801,302.03,4.3223,Bitget,BNB/USDT,2022-11-09T11:20:04.316Z,1.54
303.59,0.33,302.02,27.0294,Bitget,BNB/USDT,2022-11-09T11:20:04.316Z,1.57
303.62,0.33,301.99,0.3307,Bitget,BNB/USDT,2022-11-09T11:20:04.316Z,1.63
303.63,24.1738,301.98,27.8495,Bitget,BNB/USDT,2022-11-09T11:20:04.316Z,1.65
303.64,36.3124,301.97,74.0025,Bitget,BNB/USDT,2022-11-09T11:20:04.316Z,1.67
303.65,0.3299,301.94,31.2707,Bitget,BNB/USDT,2022-11-09T11:20:04.316Z,1.71
303.68,21.3673,301.93,2.2206,Bitget,BNB/USDT,2022-11-09T11:20:04.316Z,1.75
303.69,0.3299,301.92,0.9801,Bitget,BNB/USDT,2022-11-09T11:20:04.316Z,1.77
303.15,0.37,302.86,0.14,BitMart,BNB/USDT,2022-11-09T11:20:15.408Z,0.29
303.17,0.47,302.84,0.2,BitMart,BNB/USDT,2022-11-09T11:20:15.408Z,0.33
303.18,0.52,302.83,0.43,BitMart,BNB/USDT,2022-11-09T11:20:15.408Z,0.35
303.2,0.27,302.81,0.38,BitMart,BNB/USDT,2022-11-09T11:20:15.408Z,0.39
303.21,0.47,302.8,0.51,BitMart,BNB/USDT,2022-11-09T11:20:15.408Z,0.41
303.23,0.35,302.78,0.38,BitMart,BNB/USDT,2022-11-09T11:20:15.408Z,0.45
303.24,0.54,302.76,0.28,BitMart,BNB/USDT,2022-11-09T11:20:15.408Z,0.48
303.26,0.54,302.74,0.26,BitMart,BNB/USDT,2022-11-09T11:20:15.408Z,0.52
303.27,0.23,302.73,0.27,BitMart,BNB/USDT,2022-11-09T11:20:15.408Z,0.54
303.29,0.16,302.71,0.46,BitMart,BNB/USDT,2022-11-09T11:20:15.408Z,0.58
303.3,0.3,302.7,0.38,BitMart,BNB/USDT,2022-11-09T11:20:15.408Z,0.6
303.32,0.53,302.68,0.27,BitMart,BNB/USDT,2022-11-09T11:20:15.408Z,0.64
303.35,0.38,302.66,0.52,BitMart,BNB/USDT,2022-11-09T11:20:15.408Z,0.69
303.37,0.5,302.64,0.24,BitMart,BNB/USDT,2022-11-09T11:20:15.408Z,0.73
303.4,0.52,302.63,0.55,BitMart,BNB/USDT,2022-11-09T11:20:15.408Z,0.77
303.46,0.4,302.61,0.44,BitMart,BNB/USDT,2022-11-09T11:20:15.408Z,0.85
303.49,0.23,302.6,0.58,BitMart,BNB/USDT,2022-11-09T11:20:15.408Z,0.89
303.61,164.62,302.58,0.31,BitMart,BNB/USDT,2022-11-09T11:20:15.408Z,1.03
303.62,34.65,302.56,0.31,BitMart,BNB/USDT,2022-11-09T11:20:15.408Z,1.06
303.74,233.56,302.55,0.4,BitMart,BNB/USDT,2022-11-09T11:20:15.408Z,1.19
302.7735,0.145,302.5737,0.157,Gate.io,BNB/USDT,2022-11-09T11:20:25.521Z,0.1998
302.8416,0.162,302.4578,0.172,Gate.io,BNB/USDT,2022-11-09T11:20:25.521Z,0.3838
302.8624,0.787,302.4249,0.787,Gate.io,BNB/USDT,2022-11-09T11:20:25.521Z,0.4375
302.9244,1.653,302.3886,0.164,Gate.io,BNB/USDT,2022-11-09T11:20:25.521Z,0.5358
302.9582,0.163,302.3241,0.17,Gate.io,BNB/USDT,2022-11-09T11:20:25.521Z,0.6341
302.9607,0.008,302.3067,0.004,Gate.io,BNB/USDT,2022-11-09T11:20:25.521Z,0.654
303.0136,4.975,302.292,1.007,Gate.io,BNB/USDT,2022-11-09T11:20:25.521Z,0.7216
303.0399,0.173,302.2867,1.644,Gate.io,BNB/USDT,2022-11-09T11:20:25.521Z,0.7532
303.0769,0.144,302.215,3.453,Gate.io,BNB/USDT,2022-11-09T11:20:25.521Z,0.8619
303.09,3.449,302.1869,0.008,Gate.io,BNB/USDT,2022-11-09T11:20:25.521Z,0.9031
303.1233,1.208,302.1868,1.673,Gate.io,BNB/USDT,2022-11-09T11:20:25.521Z,0.9365
303.1914,0.011,302.0924,1.16,Gate.io,BNB/USDT,2022-11-09T11:20:25.521Z,1.099
303.2721,1.487,302.0389,1.661,Gate.io,BNB/USDT,2022-11-09T11:20:25.521Z,1.2332
303.319,0.004,301.9095,3.45,Gate.io,BNB/USDT,2022-11-09T11:20:25.521Z,1.4095
303.3223,0.005,301.8613,2.322,Gate.io,BNB/USDT,2022-11-09T11:20:25.521Z,1.461
303.3267,0.00427617,301.8472,1.24,Gate.io,BNB/USDT,2022-11-09T11:20:25.521Z,1.4795
303.3275,0.071,301.7829,0.17,Gate.io,BNB/USDT,2022-11-09T11:20:25.521Z,1.5446
303.3674,0.006,301.6995,4.899,Gate.io,BNB/USDT,2022-11-09T11:20:25.521Z,1.6679
303.3898,0.008,301.6977,1.487,Gate.io,BNB/USDT,2022-11-09T11:20:25.521Z,1.6921
303.3988,0.011,301.683,9.594,Gate.io,BNB/USDT,2022-11-09T11:20:25.521Z,1.7158
303.33,0.0056,302.64,0.33,Bitget,BNB/USDT,2022-11-09T11:20:37.388Z,0.69
303.48,0.0024,302.61,2.7799,Bitget,BNB/USDT,2022-11-09T11:20:37.388Z,0.87
303.73,4.6827,302.59,0.8822,Bitget,BNB/USDT,2022-11-09T11:20:37.388Z,1.14
303.75,0.0438,302.58,1.485,Bitget,BNB/USDT,2022-11-09T11:20:37.388Z,1.17
303.79,0.3298,302.53,6.7934,Bitget,BNB/USDT,2022-11-09T11:20:37.388Z,1.26
303.8,0.0086,302.47,28.6064,Bitget,BNB/USDT,2022-11-09T11:20:37.388Z,1.33
303.83,32.6631,302.46,0.4564,Bitget,BNB/USDT,2022-11-09T11:20:37.388Z,1.37
303.85,0.7881,302.44,1.132,Bitget,BNB/USDT,2022-11-09T11:20:37.388Z,1.41
303.86,0.3297,302.43,5.8519,Bitget,BNB/USDT,2022-11-09T11:20:37.388Z,1.43
303.87,0.3297,302.41,0.3303,Bitget,BNB/USDT,2022-11-09T11:20:37.388Z,1.46
303.89,0.3297,302.4,37.0628,Bitget,BNB/USDT,2022-11-09T11:20:37.388Z,1.49
303.9,1.287,302.38,0.3303,Bitget,BNB/USDT,2022-11-09T11:20:37.388Z,1.52
303.91,0.4131,302.37,39.4376,Bitget,BNB/USDT,2022-11-09T11:20:37.388Z,1.54
303.93,20.6009,302.36,22.4279,Bitget,BNB/USDT,2022-11-09T11:20:37.388Z,1.57
303.94,5.7085,302.32,30.8834,Bitget,BNB/USDT,2022-11-09T11:20:37.388Z,1.62
303.97,31.2432,302.28,35.0429,Bitget,BNB/USDT,2022-11-09T11:20:37.388Z,1.69
303.98,0.5841,302.27,14.5852,Bitget,BNB/USDT,2022-11-09T11:20:37.388Z,1.71
304,1.6335,302.26,1.6137,Bitget,BNB/USDT,2022-11-09T11:20:37.388Z,1.74
304.01,34.474,302.25,0.3304,Bitget,BNB/USDT,2022-11-09T11:20:37.388Z,1.76
304.02,1.9806,302.24,74.6255,Bitget,BNB/USDT,2022-11-09T11:20:37.388Z,1.78
303.74,0.14,303.46,0.44,BitMart,BNB/USDT,2022-11-09T11:20:49.971Z,0.28
303.77,0.5,303.44,0.3,BitMart,BNB/USDT,2022-11-09T11:20:49.971Z,0.33
303.98,0.4,303.43,0.34,BitMart,BNB/USDT,2022-11-09T11:20:49.971Z,0.55
304,0.32,303.41,0.54,BitMart,BNB/USDT,2022-11-09T11:20:49.971Z,0.59
304.26,183.77,303.4,0.54,BitMart,BNB/USDT,2022-11-09T11:20:49.971Z,0.86
304.41,149.84,303.38,0.41,BitMart,BNB/USDT,2022-11-09T11:20:49.971Z,1.03
304.66,167.83,303.37,0.45,BitMart,BNB/USDT,2022-11-09T11:20:49.971Z,1.29
304.81,231.15,303.22,0.23,BitMart,BNB/USDT,2022-11-09T11:20:49.971Z,1.59
304.96,58.34,303.2,0.58,BitMart,BNB/USDT,2022-11-09T11:20:49.971Z,1.76
305.16,162.36,303.19,0.3,BitMart,BNB/USDT,2022-11-09T11:20:49.971Z,1.97
305.22,165.4,303.16,0.5,BitMart,BNB/USDT,2022-11-09T11:20:49.971Z,2.06
305.47,233.56,303.14,0.41,BitMart,BNB/USDT,2022-11-09T11:20:49.971Z,2.33
305.67,220.01,303.07,34.57,BitMart,BNB/USDT,2022-11-09T11:20:49.971Z,2.6
305.72,132.25,302.94,210.91,BitMart,BNB/USDT,2022-11-09T11:20:49.971Z,2.78
305.87,195.03,302.76,103.72,BitMart,BNB/USDT,2022-11-09T11:20:49.971Z,3.11
306.08,93.43,302.74,91.32,BitMart,BNB/USDT,2022-11-09T11:20:49.971Z,3.34
306.23,91.84,302.61,0.44,BitMart,BNB/USDT,2022-11-09T11:20:49.971Z,3.62
306.38,80.64,302.6,0.53,BitMart,BNB/USDT,2022-11-09T11:20:49.971Z,3.78
306.63,94.88,302.59,102.08,BitMart,BNB/USDT,2022-11-09T11:20:49.971Z,4.04
306.89,173.03,302.34,116.63,BitMart,BNB/USDT,2022-11-09T11:20:49.971Z,4.55
303.7192,0.166,303.441,0.148,Gate.io,BNB/USDT,2022-11-09T11:21:00.334Z,0.2782
303.82,1.024,303.39,0.36,Gate.io,BNB/USDT,2022-11-09T11:21:00.334Z,0.43
303.8795,0.156,303.3899,0.787,Gate.io,BNB/USDT,2022-11-09T11:21:00.334Z,0.4896
303.8896,3.439,303.33,3.439,Gate.io,BNB/USDT,2022-11-09T11:21:00.334Z,0.5596
303.9296,0.01,303.1492,1.641,Gate.io,BNB/USDT,2022-11-09T11:21:00.334Z,0.7804
303.9424,0.155,303.0001,0.075,Gate.io,BNB/USDT,2022-11-09T11:21:00.334Z,0.9423
304.0198,0.173,303,23.55,Gate.io,BNB/USDT,2022-11-09T11:21:00.334Z,1.0198
304.0812,0.787,302.9954,0.461,Gate.io,BNB/USDT,2022-11-09T11:21:00.334Z,1.0858
304.0816,0.009,302.986,4.858,Gate.io,BNB/USDT,2022-11-09T11:21:00.334Z,1.0956
304.0827,1.646,302.9601,0.004,Gate.io,BNB/USDT,2022-11-09T11:21:00.334Z,1.1226
304.112,0.008,302.9442,0.17,Gate.io,BNB/USDT,2022-11-09T11:21:00.334Z,1.1678
304.2073,0.618,302.9441,1.48,Gate.io,BNB/USDT,2022-11-09T11:21:00.334Z,1.2632
304.2138,5.16,302.8042,6,Gate.io,BNB/USDT,2022-11-09T11:21:00.334Z,1.4096
304.4018,1.482,302.7726,1.157,Gate.io,BNB/USDT,2022-11-09T11:21:00.334Z,1.6292
304.4864,6.593,302.7283,0.929,Gate.io,BNB/USDT,2022-11-09T11:21:00.334Z,1.7581
304.4972,0.075,302.5981,10,Gate.io,BNB/USDT,2022-11-09T11:21:00.334Z,1.8991
304.4974,0.006,302.5774,0.058,Gate.io,BNB/USDT,2022-11-09T11:21:00.334Z,1.92
304.5229,0.363,302.55,1.32,Gate.io,BNB/USDT,2022-11-09T11:21:00.334Z,1.9729
304.536,0.014,302.466,15.101,Gate.io,BNB/USDT,2022-11-09T11:21:00.334Z,2.07
304.5454,0.012,302.407,5.161,Gate.io,BNB/USDT,2022-11-09T11:21:00.334Z,2.1384
303.8,0.0086,303.34,1.1287,Bitget,BNB/USDT,2022-11-09T11:21:11.400Z,0.46
304.04,0.0023,303.1,2.6804,Bitget,BNB/USDT,2022-11-09T11:21:11.400Z,0.94
304.19,0.3294,303.07,4.3734,Bitget,BNB/USDT,2022-11-09T11:21:11.400Z,1.12
304.22,0.3293,303.04,0.3296,Bitget,BNB/USDT,2022-11-09T11:21:11.400Z,1.18
304.23,10.2668,302.99,1.6236,Bitget,BNB/USDT,2022-11-09T11:21:11.400Z,1.24
304.24,0.3293,302.98,3.6096,Bitget,BNB/USDT,2022-11-09T11:21:11.400Z,1.26
304.25,2.0547,302.97,30.9949,Bitget,BNB/USDT,2022-11-09T11:21:11.400Z,1.28
304.31,0.5029,302.94,1.9008,Bitget,BNB/USDT,2022-11-09T11:21:11.400Z,1.37
304.33,22.0443,302.92,4.6243,Bitget,BNB/USDT,2022-11-09T11:21:11.400Z,1.41
304.34,1.287,302.89,0.6079,Bitget,BNB/USDT,2022-11-09T11:21:11.400Z,1.45
304.35,0.2208,302.88,0.689,Bitget,BNB/USDT,2022-11-09T11:21:11.400Z,1.47
304.36,0.7791,302.87,24.8683,Bitget,BNB/USDT,2022-11-09T11:21:11.400Z,1.49
304.38,0.3292,302.86,24.3888,Bitget,BNB/USDT,2022-11-09T11:21:11.400Z,1.52
304.42,1.5929,302.84,0.3298,Bitget,BNB/USDT,2022-11-09T11:21:11.400Z,1.58
304.43,42.9867,302.82,27.2454,Bitget,BNB/USDT,2022-11-09T11:21:11.400Z,1.61
304.44,1.9781,302.81,0.5089,Bitget,BNB/USDT,2022-11-09T11:21:11.400Z,1.63
304.45,1.0831,302.78,30.4789,Bitget,BNB/USDT,2022-11-09T11:21:11.400Z,1.67
304.46,1.9701,302.77,12.2904,Bitget,BNB/USDT,2022-11-09T11:21:11.400Z,1.69
304.47,60.5642,302.74,36.667,Bitget,BNB/USDT,2022-11-09T11:21:11.400Z,1.73
304.5,0.2712,302.7,28.1436,Bitget,BNB/USDT,2022-11-09T11:21:11.400Z,1.8
303.26,0.42,302.98,0.57,BitMart,BNB/USDT,2022-11-09T11:21:22.170Z,0.28
303.27,0.22,302.96,0.36,BitMart,BNB/USDT,2022-11-09T11:21:22.170Z,0.31
303.29,0.31,302.94,0.47,BitMart,BNB/USDT,2022-11-09T11:21:22.170Z,0.35
303.3,0.26,302.93,0.25,BitMart,BNB/USDT,2022-11-09T11:21:22.170Z,0.37
303.33,0.14,302.91,0.47,BitMart,BNB/USDT,2022-11-09T11:21:22.170Z,0.42
303.35,0.36,302.9,0.2,BitMart,BNB/USDT,2022-11-09T11:21:22.170Z,0.45
303.36,0.18,302.88,0.14,BitMart,BNB/USDT,2022-11-09T11:21:22.170Z,0.48
303.38,0.54,302.86,0.55,BitMart,BNB/USDT,2022-11-09T11:21:22.170Z,0.52
303.4,0.5,302.84,0.5,BitMart,BNB/USDT,2022-11-09T11:21:22.170Z,0.56
303.41,0.27,302.83,0.14,BitMart,BNB/USDT,2022-11-09T11:21:22.170Z,0.58
303.44,0.32,302.81,0.51,BitMart,BNB/USDT,2022-11-09T11:21:22.170Z,0.63
303.46,0.27,302.8,0.53,BitMart,BNB/USDT,2022-11-09T11:21:22.170Z,0.66
303.47,0.57,302.76,0.35,BitMart,BNB/USDT,2022-11-09T11:21:22.170Z,0.71
303.48,0.16,302.73,0.55,BitMart,BNB/USDT,2022-11-09T11:21:22.170Z,0.75
303.51,0.4,302.72,0.35,BitMart,BNB/USDT,2022-11-09T11:21:22.170Z,0.79
303.56,0.29,302.7,0.2,BitMart,BNB/USDT,2022-11-09T11:21:22.170Z,0.86
303.57,0.43,302.64,142.63,BitMart,BNB/USDT,2022-11-09T11:21:22.170Z,0.93
303.81,67.69,302.61,0.27,BitMart,BNB/USDT,2022-11-09T11:21:22.170Z,1.2
303.86,155.23,302.57,34.63,BitMart,BNB/USDT,2022-11-09T11:21:22.170Z,1.29
304.06,150.39,302.39,107.85,BitMart,BNB/USDT,2022-11-09T11:21:22.170Z,1.67
303.4838,0.146,303.2056,0.151,Gate.io,BNB/USDT,2022-11-09T11:21:32.564Z,0.2782
303.5959,0.167,303.1026,0.155,Gate.io,BNB/USDT,2022-11-09T11:21:32.564Z,0.4933
303.6223,0.787,303.0542,0.004,Gate.io,BNB/USDT,2022-11-09T11:21:32.564Z,0.5681
303.6739,1.65,303.0541,0.787,Gate.io,BNB/USDT,2022-11-09T11:21:32.564Z,0.6198
303.6891,3.442,303.0042,1.641,Gate.io,BNB/USDT,2022-11-09T11:21:32.564Z,0.6849
303.7095,5.16,303.0001,0.075,Gate.io,BNB/USDT,2022-11-09T11:21:32.564Z,0.7094
303.7549,1.649,303,23.55,Gate.io,BNB/USDT,2022-11-09T11:21:32.564Z,0.7549
303.7847,0.194,302.9954,0.461,Gate.io,BNB/USDT,2022-11-09T11:21:32.564Z,0.7893
303.9296,0.01,302.9601,0.004,Gate.io,BNB/USDT,2022-11-09T11:21:32.564Z,0.9695
303.9551,1.483,302.9556,1.627,Gate.io,BNB/USDT,2022-11-09T11:21:32.564Z,0.9995
303.9577,0.52,302.8814,3.442,Gate.io,BNB/USDT,2022-11-09T11:21:32.564Z,1.0763
304.051,4.858,302.8659,1.629,Gate.io,BNB/USDT,2022-11-09T11:21:32.564Z,1.1851
304.0816,0.009,302.8487,1.157,Gate.io,BNB/USDT,2022-11-09T11:21:32.564Z,1.2329
304.112,0.008,302.7884,0.68,Gate.io,BNB/USDT,2022-11-09T11:21:32.564Z,1.3236
304.152,6.598,302.7283,0.929,Gate.io,BNB/USDT,2022-11-09T11:21:32.564Z,1.4237
304.2073,0.618,302.7197,3.442,Gate.io,BNB/USDT,2022-11-09T11:21:32.564Z,1.4876
304.4013,6.053,302.7144,1.683,Gate.io,BNB/USDT,2022-11-09T11:21:32.564Z,1.6869
304.436,9.594,302.5774,0.058,Gate.io,BNB/USDT,2022-11-09T11:21:32.564Z,1.8586
304.4974,0.006,302.5317,1.483,Gate.io,BNB/USDT,2022-11-09T11:21:32.564Z,1.9657
304.5229,0.363,302.5005,2.317,Gate.io,BNB/USDT,2022-11-09T11:21:32.564Z,2.0224
303.8,0.0086,303.22,1.1291,Bitget,BNB/USDT,2022-11-09T11:21:43.479Z,0.58
304.04,0.0023,303.11,0.886,Bitget,BNB/USDT,2022-11-09T11:21:43.479Z,0.93
304.2,15.0239,303.08,1.4455,Bitget,BNB/USDT,2022-11-09T11:21:43.479Z,1.12
304.23,24.5127,303.05,0.3296,Bitget,BNB/USDT,2022-11-09T11:21:43.479Z,1.18
304.26,17.0301,303.04,0.3296,Bitget,BNB/USDT,2022-11-09T11:21:43.479Z,1.22
304.3,1.6325,302.94,0.3297,Bitget,BNB/USDT,2022-11-09T11:21:43.479Z,1.36
304.31,0.3292,302.92,7.5585,Bitget,BNB/USDT,2022-11-09T11:21:43.479Z,1.39
304.32,1.287,302.9,0.3816,Bitget,BNB/USDT,2022-11-09T11:21:43.479Z,1.42
304.33,18.365,302.89,0.3297,Bitget,BNB/USDT,2022-11-09T11:21:43.479Z,1.44
304.35,0.2208,302.87,32.8137,Bitget,BNB/USDT,2022-11-09T11:21:43.479Z,1.48
304.37,1.4464,302.84,0.3298,Bitget,BNB/USDT,2022-11-09T11:21:43.479Z,1.53
304.42,2.9047,302.83,33.5322,Bitget,BNB/USDT,2022-11-09T11:21:43.479Z,1.59
304.43,14.5471,302.79,22.5744,Bitget,BNB/USDT,2022-11-09T11:21:43.479Z,1.64
304.44,29.5653,302.78,0.3299,Bitget,BNB/USDT,2022-11-09T11:21:43.479Z,1.66
304.48,26.4699,302.77,1.3023,Bitget,BNB/USDT,2022-11-09T11:21:43.479Z,1.71
304.5,1.6454,302.76,0.3816,Bitget,BNB/USDT,2022-11-09T11:21:43.479Z,1.74
304.51,1.5553,302.75,24.9589,Bitget,BNB/USDT,2022-11-09T11:21:43.479Z,1.76
304.52,37.6411,302.74,0.3299,Bitget,BNB/USDT,2022-11-09T11:21:43.479Z,1.78
304.53,20.2138,302.71,21.1373,Bitget,BNB/USDT,2022-11-09T11:21:43.479Z,1.82
304.55,2.5482,302.7,1.6127,Bitget,BNB/USDT,2022-11-09T11:21:43.479Z,1.85
303.96,0.19,303.56,0.18,BitMart,BNB/USDT,2022-11-09T11:21:55.105Z,0.4
303.97,0.48,303.54,0.37,BitMart,BNB/USDT,2022-11-09T11:21:55.105Z,0.43
303.99,0.42,303.53,0.19,BitMart,BNB/USDT,2022-11-09T11:21:55.105Z,0.46
304.01,0.33,303.51,0.26,BitMart,BNB/USDT,2022-11-09T11:21:55.105Z,0.5
304.02,0.2,303.5,0.49,BitMart,BNB/USDT,2022-11-09T11:21:55.105Z,0.52
304.04,0.39,303.48,0.24,BitMart,BNB/USDT,2022-11-09T11:21:55.105Z,0.56
304.05,0.2,303.44,0.54,BitMart,BNB/USDT,2022-11-09T11:21:55.105Z,0.61
304.07,0.31,303.43,0.44,BitMart,BNB/USDT,2022-11-09T11:21:55.105Z,0.64
304.08,0.41,303.41,0.39,BitMart,BNB/USDT,2022-11-09T11:21:55.105Z,0.67
304.1,0.26,303.4,0.28,BitMart,BNB/USDT,2022-11-09T11:21:55.105Z,0.7
304.11,0.22,303.38,0.16,BitMart,BNB/USDT,2022-11-09T11:21:55.105Z,0.73
304.13,0.43,303.36,0.28,BitMart,BNB/USDT,2022-11-09T11:21:55.105Z,0.77
304.14,0.58,303.34,0.49,BitMart,BNB/USDT,2022-11-09T11:21:55.105Z,0.8
304.16,0.34,303.33,0.39,BitMart,BNB/USDT,2022-11-09T11:21:55.105Z,0.83
304.18,0.44,303.31,0.28,BitMart,BNB/USDT,2022-11-09T11:21:55.105Z,0.87
304.27,34.57,303.3,0.4,BitMart,BNB/USDT,2022-11-09T11:21:55.105Z,0.97
304.31,0.21,303.24,107.12,BitMart,BNB/USDT,2022-11-09T11:21:55.105Z,1.07
304.46,93.86,303.15,0.24,BitMart,BNB/USDT,2022-11-09T11:21:55.105Z,1.31
304.58,103.72,303.14,0.18,BitMart,BNB/USDT,2022-11-09T11:21:55.105Z,1.44
304.66,167.83,303.13,0.49,BitMart,BNB/USDT,2022-11-09T11:21:55.105Z,1.53
303.7465,0.787,303.3931,0.155,Gate.io,BNB/USDT,2022-11-09T11:22:04.907Z,0.3534
303.7844,1.645,303.3794,0.155,Gate.io,BNB/USDT,2022-11-09T11:22:04.907Z,0.405
303.8846,1.685,303.2415,0.787,Gate.io,BNB/USDT,2022-11-09T11:22:04.907Z,0.6431
303.9295,3.439,303.2278,3.442,Gate.io,BNB/USDT,2022-11-09T11:22:04.907Z,0.7017
303.9296,0.01,303.1577,1.635,Gate.io,BNB/USDT,2022-11-09T11:22:04.907Z,0.7719
303.9555,0.496,303.0061,1.673,Gate.io,BNB/USDT,2022-11-09T11:22:04.907Z,0.9494
304.0068,1.679,302.9954,0.461,Gate.io,BNB/USDT,2022-11-09T11:22:04.907Z,1.0114
304.0635,0.5,302.9601,0.004,Gate.io,BNB/USDT,2022-11-09T11:22:04.907Z,1.1034
304.0816,0.009,302.8794,3.438,Gate.io,BNB/USDT,2022-11-09T11:22:04.907Z,1.2022
304.112,0.008,302.8156,2.314,Gate.io,BNB/USDT,2022-11-09T11:22:04.907Z,1.2964
304.2073,0.618,302.7516,5.162,Gate.io,BNB/USDT,2022-11-09T11:22:04.907Z,1.4557
304.2319,5.153,302.737,1.481,Gate.io,BNB/USDT,2022-11-09T11:22:04.907Z,1.4949
304.4072,1.481,302.7367,1.264,Gate.io,BNB/USDT,2022-11-09T11:22:04.907Z,1.6705
304.4974,0.006,302.7283,0.929,Gate.io,BNB/USDT,2022-11-09T11:22:04.907Z,1.7691
304.5016,10,302.593,4.858,Gate.io,BNB/USDT,2022-11-09T11:22:04.907Z,1.9086
304.536,0.014,302.5774,0.058,Gate.io,BNB/USDT,2022-11-09T11:22:04.907Z,1.9586
304.5454,0.012,302.5537,2.316,Gate.io,BNB/USDT,2022-11-09T11:22:04.907Z,1.9917
304.5516,0.004,302.5284,7,Gate.io,BNB/USDT,2022-11-09T11:22:04.907Z,2.0232
304.598,4.858,302.4984,10,Gate.io,BNB/USDT,2022-11-09T11:22:04.907Z,2.0996
304.6225,0.005,302.4192,6.595,Gate.io,BNB/USDT,2022-11-09T11:22:04.907Z,2.2033
303.8,0.0086,303,1.1299,Bitget,BNB/USDT,2022-11-09T11:22:16.960Z,0.8
303.9,14.0951,302.8,0.5229,Bitget,BNB/USDT,2022-11-09T11:22:16.960Z,1.1
303.93,22.9972,302.77,0.8532,Bitget,BNB/USDT,2022-11-09T11:22:16.960Z,1.16
303.96,1.287,302.74,0.3299,Bitget,BNB/USDT,2022-11-09T11:22:16.960Z,1.22
303.97,2.5641,302.72,1.485,Bitget,BNB/USDT,2022-11-09T11:22:16.960Z,1.25
304.03,80.9434,302.71,1.9572,Bitget,BNB/USDT,2022-11-09T11:22:16.960Z,1.32
304.04,2.7453,302.7,0.3816,Bitget,BNB/USDT,2022-11-09T11:22:16.960Z,1.34
304.1,18.3239,302.69,1.287,Bitget,BNB/USDT,2022-11-09T11:22:16.960Z,1.41
304.12,1.6394,302.67,0.33,Bitget,BNB/USDT,2022-11-09T11:22:16.960Z,1.45
304.13,25.2034,302.65,3.7848,Bitget,BNB/USDT,2022-11-09T11:22:16.960Z,1.48
304.14,26.7836,302.64,0.33,Bitget,BNB/USDT,2022-11-09T11:22:16.960Z,1.5
304.16,1.287,302.6,1.1425,Bitget,BNB/USDT,2022-11-09T11:22:16.960Z,1.56
304.17,5.497,302.57,11.2019,Bitget,BNB/USDT,2022-11-09T11:22:16.960Z,1.6
304.18,38.4182,302.56,22.056,Bitget,BNB/USDT,2022-11-09T11:22:16.960Z,1.62
304.21,0.8735,302.55,1.485,Bitget,BNB/USDT,2022-11-09T11:22:16.960Z,1.66
304.22,38.7778,302.54,5.7489,Bitget,BNB/USDT,2022-11-09T11:22:16.960Z,1.68
304.23,19.7446,302.52,32.3049,Bitget,BNB/USDT,2022-11-09T11:22:16.960Z,1.71
304.24,10.0046,302.5,3.4086,Bitget,BNB/USDT,2022-11-09T11:22:16.960Z,1.74
304.26,57.7514,302.48,33.7433,Bitget,BNB/USDT,2022-11-09T11:22:16.960Z,1.78
304.3,30.5068,302.47,31.2637,Bitget,BNB/USDT,2022-11-09T11:22:16.960Z,1.83
303.56,0.27,303.36,0.16,BitMart,BNB/USDT,2022-11-09T11:22:27.739Z,0.2
303.6,0.29,303.34,0.16,BitMart,BNB/USDT,2022-11-09T11:22:27.739Z,0.26
303.65,0.42,303.33,0.33,BitMart,BNB/USDT,2022-11-09T11:22:27.739Z,0.32
303.66,0.16,303.31,0.5,BitMart,BNB/USDT,2022-11-09T11:22:27.739Z,0.35
303.68,0.25,303.3,0.27,BitMart,BNB/USDT,2022-11-09T11:22:27.739Z,0.38
303.69,0.42,303.28,0.36,BitMart,BNB/USDT,2022-11-09T11:22:27.739Z,0.41
303.71,0.28,303.27,0.35,BitMart,BNB/USDT,2022-11-09T11:22:27.739Z,0.44
303.72,0.52,303.25,0.44,BitMart,BNB/USDT,2022-11-09T11:22:27.739Z,0.47
303.73,0.53,303.24,0.29,BitMart,BNB/USDT,2022-11-09T11:22:27.739Z,0.49
303.78,0.43,303.22,0.23,BitMart,BNB/USDT,2022-11-09T11:22:27.739Z,0.56
303.8,0.4,303.21,0.32,BitMart,BNB/USDT,2022-11-09T11:22:27.739Z,0.59
303.81,0.48,303.19,0.28,BitMart,BNB/USDT,2022-11-09T11:22:27.739Z,0.62
303.82,0.5,303.18,0.44,BitMart,BNB/USDT,2022-11-09T11:22:27.739Z,0.64
303.84,0.28,303.16,0.41,BitMart,BNB/USDT,2022-11-09T11:22:27.739Z,0.68
303.86,0.3,303.15,0.24,BitMart,BNB/USDT,2022-11-09T11:22:27.739Z,0.71
303.87,0.34,303.13,0.48,BitMart,BNB/USDT,2022-11-09T11:22:27.739Z,0.74
303.89,0.15,303.12,0.16,BitMart,BNB/USDT,2022-11-09T11:22:27.739Z,0.77
303.91,0.33,303.1,0.18,BitMart,BNB/USDT,2022-11-09T11:22:27.739Z,0.81
303.93,0.53,303.07,0.2,BitMart,BNB/USDT,2022-11-09T11:22:27.739Z,0.86
303.94,0.24,302.84,89.9,BitMart,BNB/USDT,2022-11-09T11:22:27.739Z,1.1
303.5087,0.074,303.1008,0.171,Gate.io,BNB/USDT,2022-11-09T11:22:37.431Z,0.4079
303.5088,0.787,303.0143,0.787,Gate.io,BNB/USDT,2022-11-09T11:22:37.431Z,0.4945
303.5196,1.647,302.9601,0.004,Gate.io,BNB/USDT,2022-11-09T11:22:37.431Z,0.5595
303.614,1.689,302.8999,1.149,Gate.io,BNB/USDT,2022-11-09T11:22:37.431Z,0.7141
303.714,1.656,302.8229,3.444,Gate.io,BNB/USDT,2022-11-09T11:22:37.431Z,0.8911
303.7347,0.017,302.8188,3.442,Gate.io,BNB/USDT,2022-11-09T11:22:37.431Z,0.9159
303.8249,0.016,302.814,0.392,Gate.io,BNB/USDT,2022-11-09T11:22:37.431Z,1.0109
303.8259,0.012,302.8004,1.647,Gate.io,BNB/USDT,2022-11-09T11:22:37.431Z,1.0255
303.8366,0.06619,302.7516,5.162,Gate.io,BNB/USDT,2022-11-09T11:22:37.431Z,1.085
303.9296,0.01,302.7283,0.929,Gate.io,BNB/USDT,2022-11-09T11:22:37.431Z,1.2013
303.9994,3.439,302.6687,1.157,Gate.io,BNB/USDT,2022-11-09T11:22:37.431Z,1.3307
304.0011,0.004,302.6489,1.651,Gate.io,BNB/USDT,2022-11-09T11:22:37.431Z,1.3522
304.0012,5.123,302.6195,1.482,Gate.io,BNB/USDT,2022-11-09T11:22:37.431Z,1.3817
304.0369,1.482,302.594,4.858,Gate.io,BNB/USDT,2022-11-09T11:22:37.431Z,1.4429
304.0497,1.552,302.5774,0.058,Gate.io,BNB/USDT,2022-11-09T11:22:37.431Z,1.4723
304.0536,6.603,302.4387,0.17,Gate.io,BNB/USDT,2022-11-09T11:22:37.431Z,1.6149
304.0635,0.5,302.4386,3.441,Gate.io,BNB/USDT,2022-11-09T11:22:37.431Z,1.6249
304.0816,0.009,302.4347,2.317,Gate.io,BNB/USDT,2022-11-09T11:22:37.431Z,1.6469
304.094,4.858,302.3876,4.635,Gate.io,BNB/USDT,2022-11-09T11:22:37.431Z,1.7064
304.112,0.008,302.2871,11.593,Gate.io,BNB/USDT,2022-11-09T11:22:37.431Z,1.8249
303.8,3.8094,303.11,3.2991,Bitget,BNB/USDT,2022-11-09T11:22:49.069Z,0.69
303.83,6.2153,302.7,6.3427,Bitget,BNB/USDT,2022-11-09T11:22:49.069Z,1.13
303.88,0.3297,302.67,10.3487,Bitget,BNB/USDT,2022-11-09T11:22:49.069Z,1.21
303.89,2.5641,302.66,1.287,Bitget,BNB/USDT,2022-11-09T11:22:49.069Z,1.23
303.93,38.8139,302.64,0.33,Bitget,BNB/USDT,2022-11-09T11:22:49.069Z,1.29
303.94,5.8262,302.62,0.33,Bitget,BNB/USDT,2022-11-09T11:22:49.069Z,1.32
303.95,1.485,302.61,0.8227,Bitget,BNB/USDT,2022-11-09T11:22:49.069Z,1.34
303.97,1.6513,302.57,41.7552,Bitget,BNB/USDT,2022-11-09T11:22:49.069Z,1.4
304.03,181.1271,302.53,0.3301,Bitget,BNB/USDT,2022-11-09T11:22:49.069Z,1.5
304.04,36.3257,302.47,9.8244,Bitget,BNB/USDT,2022-11-09T11:22:49.069Z,1.57
304.05,8.5199,302.46,25.66,Bitget,BNB/USDT,2022-11-09T11:22:49.069Z,1.59
304.07,1.6553,302.44,35.2094,Bitget,BNB/USDT,2022-11-09T11:22:49.069Z,1.63
304.08,35.8948,302.43,0.7791,Bitget,BNB/USDT,2022-11-09T11:22:49.069Z,1.65
304.09,1.287,302.42,38.7897,Bitget,BNB/USDT,2022-11-09T11:22:49.069Z,1.67
304.1,0.3813,302.41,0.3303,Bitget,BNB/USDT,2022-11-09T11:22:49.069Z,1.69
304.11,1.8378,302.4,4.6406,Bitget,BNB/USDT,2022-11-09T11:22:49.069Z,1.71
304.12,27.7233,302.38,38.2502,Bitget,BNB/USDT,2022-11-09T11:22:49.069Z,1.74
304.13,30.0683,302.37,23.2551,Bitget,BNB/USDT,2022-11-09T11:22:49.069Z,1.76
304.14,9.7743,302.35,2.0298,Bitget,BNB/USDT,2022-11-09T11:22:49.069Z,1.79
304.16,31.737,302.34,29.6169,Bitget,BNB/USDT,2022-11-09T11:22:49.069Z,1.82
303.25,0.54,303.06,0.4,BitMart,BNB/USDT,2022-11-09T11:23:01.669Z,0.19
303.26,0.42,303.04,0.47,BitMart,BNB/USDT,2022-11-09T11:23:01.669Z,0.22
303.28,0.4,303.03,0.23,BitMart,BNB/USDT,2022-11-09T11:23:01.669Z,0.25
303.29,0.42,303.01,0.37,BitMart,BNB/USDT,2022-11-09T11:23:01.669Z,0.28
303.31,0.56,303,0.58,BitMart,BNB/USDT,2022-11-09T11:23:01.669Z,0.31
303.33,0.51,302.98,0.25,BitMart,BNB/USDT,2022-11-09T11:23:01.669Z,0.35
303.35,0.21,302.96,0.34,BitMart,BNB/USDT,2022-11-09T11:23:01.669Z,0.39
303.36,0.23,302.95,0.15,BitMart,BNB/USDT,2022-11-09T11:23:01.669Z,0.41
303.37,0.37,302.93,0.34,BitMart,BNB/USDT,2022-11-09T11:23:01.669Z,0.44
303.39,0.59,302.92,0.41,BitMart,BNB/USDT,2022-11-09T11:23:01.669Z,0.47
303.4,0.29,302.9,0.55,BitMart,BNB/USDT,2022-11-09T11:23:01.669Z,0.5
303.42,0.45,302.89,0.44,BitMart,BNB/USDT,2022-11-09T11:23:01.669Z,0.53
303.43,0.44,302.87,0.22,BitMart,BNB/USDT,2022-11-09T11:23:01.669Z,0.56
303.45,0.35,302.86,0.57,BitMart,BNB/USDT,2022-11-09T11:23:01.669Z,0.59
303.46,0.52,302.84,0.26,BitMart,BNB/USDT,2022-11-09T11:23:01.669Z,0.62
303.48,0.14,302.83,0.32,BitMart,BNB/USDT,2022-11-09T11:23:01.669Z,0.65
303.49,0.43,302.81,0.14,BitMart,BNB/USDT,2022-11-09T11:23:01.669Z,0.68
303.51,0.27,302.8,0.15,BitMart,BNB/USDT,2022-11-09T11:23:01.669Z,0.71
303.52,0.5,302.78,0.17,BitMart,BNB/USDT,2022-11-09T11:23:01.669Z,0.74
303.54,0.15,302.76,0.48,BitMart,BNB/USDT,2022-11-09T11:23:01.669Z,0.78
303.3134,0.074,303.0629,0.208,Gate.io,BNB/USDT,2022-11-09T11:23:11.806Z,0.2505
303.3135,3.447,302.9693,9.901,Gate.io,BNB/USDT,2022-11-09T11:23:11.806Z,0.3442
303.3138,1.685,302.968,0.167,Gate.io,BNB/USDT,2022-11-09T11:23:11.806Z,0.3458
303.4156,0.016,302.9601,0.004,Gate.io,BNB/USDT,2022-11-09T11:23:11.806Z,0.4555
303.4655,1.624,302.9007,0.166,Gate.io,BNB/USDT,2022-11-09T11:23:11.806Z,0.5648
303.5993,1.624,302.8145,0.787,Gate.io,BNB/USDT,2022-11-09T11:23:11.806Z,0.7848
303.661,6.609,302.7785,0.792,Gate.io,BNB/USDT,2022-11-09T11:23:11.806Z,0.8825
303.7409,1.149,302.7517,3.443,Gate.io,BNB/USDT,2022-11-09T11:23:11.806Z,0.9892
303.769,4.858,302.7283,0.929,Gate.io,BNB/USDT,2022-11-09T11:23:11.806Z,1.0407
303.812,6.441,302.7203,3.446,Gate.io,BNB/USDT,2022-11-09T11:23:11.806Z,1.0917
303.8366,0.06619,302.6756,1.644,Gate.io,BNB/USDT,2022-11-09T11:23:11.806Z,1.161
303.852,9.594,302.5774,0.058,Gate.io,BNB/USDT,2022-11-09T11:23:11.806Z,1.2746
303.8679,1.483,302.544,5.137,Gate.io,BNB/USDT,2022-11-09T11:23:11.806Z,1.3239
303.9296,0.01,302.5387,1.158,Gate.io,BNB/USDT,2022-11-09T11:23:11.806Z,1.3909
303.9999,10,302.5363,1.652,Gate.io,BNB/USDT,2022-11-09T11:23:11.806Z,1.4636
304.0004,1,302.2958,0.17,Gate.io,BNB/USDT,2022-11-09T11:23:11.806Z,1.7046
304.0012,5.123,302.2957,2.318,Gate.io,BNB/USDT,2022-11-09T11:23:11.806Z,1.7055
304.0635,0.5,302.1347,1.484,Gate.io,BNB/USDT,2022-11-09T11:23:11.806Z,1.9288
304.0816,0.009,302.0864,0.004,Gate.io,BNB/USDT,2022-11-09T11:23:11.806Z,1.9952
304.112,0.008,302.058,4.858,Gate.io,BNB/USDT,2022-11-09T11:23:11.806Z,2.054
303.16,0.9856,303.11,1.9562,Bitget,BNB/USDT,2022-11-09T11:23:23.228Z,0.05
303.19,1.6082,302.09,2.3546,Bitget,BNB/USDT,2022-11-09T11:23:23.228Z,1.1
303.23,12.775,302.06,3.8418,Bitget,BNB/USDT,2022-11-09T11:23:23.228Z,1.17
303.25,3.4175,302.04,0.3307,Bitget,BNB/USDT,2022-11-09T11:23:23.228Z,1.21
303.31,1.6642,302.03,1.297,Bitget,BNB/USDT,2022-11-09T11:23:23.228Z,1.28
303.33,31.3266,302.02,1.7095,Bitget,BNB/USDT,2022-11-09T11:23:23.228Z,1.31
303.34,3.186,302.01,0.5999,Bitget,BNB/USDT,2022-11-09T11:23:23.228Z,1.33
303.37,1.485,301.99,0.3307,Bitget,BNB/USDT,2022-11-09T11:23:23.228Z,1.38
303.39,3.2462,301.98,0.3307,Bitget,BNB/USDT,2022-11-09T11:23:23.228Z,1.41
303.41,35.4485,301.94,1.6137,Bitget,BNB/USDT,2022-11-09T11:23:23.228Z,1.47
303.43,6.6708,301.92,0.3308,Bitget,BNB/USDT,2022-11-09T11:23:23.228Z,1.51
303.44,1.3147,301.89,0.3308,Bitget,BNB/USDT,2022-11-09T11:23:23.228Z,1.55
303.45,33.2855,301.87,50.1455,Bitget,BNB/USDT,2022-11-09T11:23:23.228Z,1.58
303.47,1.3316,301.86,0.7791,Bitget,BNB/USDT,2022-11-09T11:23:23.228Z,1.61
303.49,32.9251,301.84,25.0034,Bitget,BNB/USDT,2022-11-09T11:23:23.228Z,1.65
303.53,89.64,301.82,1.9107,Bitget,BNB/USDT,2022-11-09T11:23:23.228Z,1.71
303.54,3.1294,301.81,0.0024,Bitget,BNB/USDT,2022-11-09T11:23:23.228Z,1.73
303.56,23.265,301.8,26.6164,Bitget,BNB/USDT,2022-11-09T11:23:23.228Z,1.76
303.57,24.814,301.77,46.7735,Bitget,BNB/USDT,2022-11-09T11:23:23.228Z,1.8
303.6,1.4721,301.76,34.9078,Bitget,BNB/USDT,2022-11-09T11:23:23.228Z,1.84
302.54,0.14,302.41,0.3,BitMart,BNB/USDT,2022-11-09T11:23:34.851Z,0.13
302.56,0.47,302.38,0.18,BitMart,BNB/USDT,2022-11-09T11:23:34.851Z,0.18
302.57,0.18,302.35,0.49,BitMart,BNB/USDT,2022-11-09T11:23:34.851Z,0.22
302.62,0.3,302.32,0.21,BitMart,BNB/USDT,2022-11-09T11:23:34.851Z,0.3
302.63,0.23,302.26,0.51,BitMart,BNB/USDT,2022-11-09T11:23:34.851Z,0.37
302.66,0.44,302.24,0.54,BitMart,BNB/USDT,2022-11-09T11:23:34.851Z,0.42
302.67,0.22,302.23,0.21,BitMart,BNB/USDT,2022-11-09T11:23:34.851Z,0.44
302.69,0.15,302.21,0.4,BitMart,BNB/USDT,2022-11-09T11:23:34.851Z,0.48
302.7,0.48,302.2,0.23,BitMart,BNB/USDT,2022-11-09T11:23:34.851Z,0.5
302.73,0.38,302.18,0.37,BitMart,BNB/USDT,2022-11-09T11:23:34.851Z,0.55
302.74,0.47,302.17,0.44,BitMart,BNB/USDT,2022-11-09T11:23:34.851Z,0.57
302.76,0.17,302.16,0.47,BitMart,BNB/USDT,2022-11-09T11:23:34.851Z,0.6
302.77,0.53,302.14,0.21,BitMart,BNB/USDT,2022-11-09T11:23:34.851Z,0.63
302.79,0.25,302.13,0.55,BitMart,BNB/USDT,2022-11-09T11:23:34.851Z,0.66
302.8,0.41,302.11,0.29,BitMart,BNB/USDT,2022-11-09T11:23:34.851Z,0.69
302.84,0.25,302.1,0.32,BitMart,BNB/USDT,2022-11-09T11:23:34.851Z,0.74
302.86,0.25,302.08,0.54,BitMart,BNB/USDT,2022-11-09T11:23:34.851Z,0.78
302.87,0.26,302.07,0.43,BitMart,BNB/USDT,2022-11-09T11:23:34.851Z,0.8
302.89,0.52,302.06,0.46,BitMart,BNB/USDT,2022-11-09T11:23:34.851Z,0.83
302.9,0.53,302.05,0.5,BitMart,BNB/USDT,2022-11-09T11:23:34.851Z,0.85
302.5132,1.667,302.306,0.008,Gate.io,BNB/USDT,2022-11-09T11:23:44.981Z,0.2072
302.5583,0.016,302.1944,0.155,Gate.io,BNB/USDT,2022-11-09T11:23:44.981Z,0.3639
302.6268,3.453,302.153,0.787,Gate.io,BNB/USDT,2022-11-09T11:23:44.981Z,0.4738
302.6269,1.691,302.122,0.155,Gate.io,BNB/USDT,2022-11-09T11:23:44.981Z,0.5049
