Ask,AVolume,Bid,BVolume,Exchange,Ticker,TimeStamp,Spread,Levels,Closes
0.082952,445,0.082904,1030,BitMart,DOGE/USDT,2022-11-11T19:17:36.356Z,4.80E-05,20,0.082763
0.082961,786,0.082903,534,BitMart,DOGE/USDT,2022-11-11T19:17:36.356Z,5.80E-05,20,0.082847
0.082966,485,0.082901,1115,BitMart,DOGE/USDT,2022-11-11T19:17:36.356Z,6.50E-05,20,0.082896
0.082967,1382,0.082899,1188,BitMart,DOGE/USDT,2022-11-11T19:17:36.356Z,6.80E-05,20,0.082271
0.082969,1303,0.082898,711,BitMart,DOGE/USDT,2022-11-11T19:17:36.356Z,7.10E-05,20,0.082246
0.082971,1342,0.082896,433,BitMart,DOGE/USDT,2022-11-11T19:17:36.356Z,7.50E-05,20,0.08232
0.082972,511,0.082894,633,BitMart,DOGE/USDT,2022-11-11T19:17:36.356Z,7.80E-05,20,0.082488
0.082974,585,0.082893,492,BitMart,DOGE/USDT,2022-11-11T19:17:36.356Z,8.10E-05,20,0.08248
0.082976,1541,0.082891,471,BitMart,DOGE/USDT,2022-11-11T19:17:36.356Z,8.50E-05,20,0.082269
0.082977,747,0.082889,459,BitMart,DOGE/USDT,2022-11-11T19:17:36.356Z,8.80E-05,20,0.082426
0.082979,1610,0.082888,878,BitMart,DOGE/USDT,2022-11-11T19:17:36.356Z,9.10E-05,20,0.082661
0.082981,1073,0.082886,735,BitMart,DOGE/USDT,2022-11-11T19:17:36.356Z,9.50E-05,20,0.082612
0.082982,1163,0.082876,1081,BitMart,DOGE/USDT,2022-11-11T19:17:36.356Z,0.000106,20,0.08266
0.083058,47317,0.082873,641,BitMart,DOGE/USDT,2022-11-11T19:17:36.356Z,0.000185,20,0.082689
0.083127,72978,0.082802,80937,BitMart,DOGE/USDT,2022-11-11T19:17:36.356Z,0.000325,20,0.08284
0.083176,55594,0.08276,153200,BitMart,DOGE/USDT,2022-11-11T19:17:36.356Z,0.000416,20,0.082506
0.083218,143415,0.082737,139054,BitMart,DOGE/USDT,2022-11-11T19:17:36.356Z,0.000481,20,0.08259
0.083227,163429,0.082672,77915,BitMart,DOGE/USDT,2022-11-11T19:17:36.356Z,0.000555,20,0.08268
0.083289,72759,0.082643,146393,BitMart,DOGE/USDT,2022-11-11T19:17:36.356Z,0.000646,20,0.082903
0.0833,21232,0.082598,155417,BitMart,DOGE/USDT,2022-11-11T19:17:36.356Z,0.000702,20,0.082982
0.0829,84.88,0.082889,1275.89,Gate.io,DOGE/USDT,2022-11-11T19:17:49.181Z,1.10E-05,20,0.08272
0.082997,1852.32,0.082888,1275.89,Gate.io,DOGE/USDT,2022-11-11T19:17:49.181Z,0.000109,20,0.082773
0.083007,202.67,0.082887,1275.89,Gate.io,DOGE/USDT,2022-11-11T19:17:49.181Z,0.00012,20,0.082692
0.08301,10613.62,0.082886,1275.89,Gate.io,DOGE/USDT,2022-11-11T19:17:49.181Z,0.000124,20,0.082222
0.08302,14549.02,0.082885,1275.89,Gate.io,DOGE/USDT,2022-11-11T19:17:49.181Z,0.000135,20,0.082186
0.083026,195344.17,0.082884,1275.89,Gate.io,DOGE/USDT,2022-11-11T19:17:49.181Z,0.000142,20,0.082222
0.083033,5976.43,0.082883,1275.89,Gate.io,DOGE/USDT,2022-11-11T19:17:49.181Z,0.00015,20,0.082431
0.083051,81.07,0.082882,1275.89,Gate.io,DOGE/USDT,2022-11-11T19:17:49.181Z,0.000169,20,0.082391
0.083071,3.23,0.082881,1275.89,Gate.io,DOGE/USDT,2022-11-11T19:17:49.181Z,0.00019,20,0.082242
0.083072,18420.89,0.08288,1275.89,Gate.io,DOGE/USDT,2022-11-11T19:17:49.181Z,0.000192,20,0.082382
0.083077,448.76,0.082879,1275.89,Gate.io,DOGE/USDT,2022-11-11T19:17:49.181Z,0.000198,20,0.08259
0.083078,620183.59,0.082878,1275.89,Gate.io,DOGE/USDT,2022-11-11T19:17:49.181Z,0.0002,20,0.08252
0.083079,34324.81,0.082877,1275.89,Gate.io,DOGE/USDT,2022-11-11T19:17:49.181Z,0.000202,20,0.082583
0.083091,481.52,0.082876,1319.01,Gate.io,DOGE/USDT,2022-11-11T19:17:49.181Z,0.000215,20,0.082812
0.083103,404429.13,0.082857,1990.3,Gate.io,DOGE/USDT,2022-11-11T19:17:49.181Z,0.000246,20,0.082581
0.083106,80.2,0.082842,1852.32,Gate.io,DOGE/USDT,2022-11-11T19:17:49.181Z,0.000264,20,0.082414
0.083115,12.37,0.082839,1800,Gate.io,DOGE/USDT,2022-11-11T19:17:49.181Z,0.000276,20,0.08248
0.083116,24131.27,0.082816,12074.97,Gate.io,DOGE/USDT,2022-11-11T19:17:49.181Z,0.0003,20,0.082655
0.083128,12047.47,0.08279,7114.46,Gate.io,DOGE/USDT,2022-11-11T19:17:49.181Z,0.000338,20,0.082866
0.083134,10000,0.082778,483.04,Gate.io,DOGE/USDT,2022-11-11T19:17:49.181Z,0.000356,20,0.08285
0.083046,3000.0042,0.082938,3000.0025,Bitget,DOGE/USDT,2022-11-11T19:18:04.542Z,0.000108,20,0.082769
0.083048,3000.001,0.082936,3000.0005,Bitget,DOGE/USDT,2022-11-11T19:18:04.542Z,0.000112,20,0.082684
0.08305,3000.0029,0.082934,3000.0029,Bitget,DOGE/USDT,2022-11-11T19:18:04.542Z,0.000116,20,0.082374
0.083052,3000.003,0.082932,3000.0022,Bitget,DOGE/USDT,2022-11-11T19:18:04.542Z,0.00012,20,0.082245
0.083054,3000.0047,0.08293,3000.0048,Bitget,DOGE/USDT,2022-11-11T19:18:04.542Z,0.000124,20,0.08229
0.083056,5988.2328,0.082928,3785.8693,Bitget,DOGE/USDT,2022-11-11T19:18:04.542Z,0.000128,20,0.082426
0.083066,8600.8697,0.082926,3000.0045,Bitget,DOGE/USDT,2022-11-11T19:18:04.542Z,0.00014,20,0.082435
0.083076,18522.9331,0.082925,3000.0008,Bitget,DOGE/USDT,2022-11-11T19:18:04.542Z,0.000151,20,0.082254
0.083086,8933.2362,0.082924,6206.805,Bitget,DOGE/USDT,2022-11-11T19:18:04.542Z,0.000162,20,0.082419
0.083089,3000.004,0.082917,3000.004,Bitget,DOGE/USDT,2022-11-11T19:18:04.542Z,0.000172,20,0.08263
0.083096,35461.9445,0.082914,3147.1605,Bitget,DOGE/USDT,2022-11-11T19:18:04.542Z,0.000182,20,0.08257
0.083106,33910.9867,0.082911,3000.0023,Bitget,DOGE/USDT,2022-11-11T19:18:04.542Z,0.000195,20,0.082582
0.08311,515620.546,0.082909,3000.002,Bitget,DOGE/USDT,2022-11-11T19:18:04.542Z,0.000201,20,0.082836
0.083111,5597.7372,0.082905,3000.0024,Bitget,DOGE/USDT,2022-11-11T19:18:04.542Z,0.000206,20,0.082597
0.083116,118378.7527,0.082904,3000.0049,Bitget,DOGE/USDT,2022-11-11T19:18:04.542Z,0.000212,20,0.082469
0.083126,84012.8426,0.082897,72143.8146,Bitget,DOGE/USDT,2022-11-11T19:18:04.542Z,0.000229,20,0.082499
0.083136,85772.602,0.082894,68890.175,Bitget,DOGE/USDT,2022-11-11T19:18:04.542Z,0.000242,20,0.08264
0.083138,19800,0.082884,39643.4156,Bitget,DOGE/USDT,2022-11-11T19:18:04.542Z,0.000254,20,0.082883
0.08314,3000.0043,0.082881,3000.0042,Bitget,DOGE/USDT,2022-11-11T19:18:04.542Z,0.000259,20,0.082879
0.083146,77055.0669,0.082874,513467.5283,Bitget,DOGE/USDT,2022-11-11T19:18:04.542Z,0.000272,20,0.082923
0.083022,1260,0.082958,552,BitMart,DOGE/USDT,2022-11-11T19:18:16.638Z,6.40E-05,20,0.082847
0.083031,763,0.082949,403,BitMart,DOGE/USDT,2022-11-11T19:18:16.638Z,8.20E-05,20,0.082896
0.083056,629,0.082948,1371,BitMart,DOGE/USDT,2022-11-11T19:18:16.638Z,0.000108,20,0.082271
0.083127,72978,0.082944,1551,BitMart,DOGE/USDT,2022-11-11T19:18:16.638Z,0.000183,20,0.082246
0.083176,55594,0.082943,1336,BitMart,DOGE/USDT,2022-11-11T19:18:16.638Z,0.000233,20,0.08232
0.083218,143415,0.082941,647,BitMart,DOGE/USDT,2022-11-11T19:18:16.638Z,0.000277,20,0.082488
0.083227,163429,0.082939,1146,BitMart,DOGE/USDT,2022-11-11T19:18:16.638Z,0.000288,20,0.08248
0.083289,72759,0.082929,1394,BitMart,DOGE/USDT,2022-11-11T19:18:16.638Z,0.00036,20,0.082269
0.0833,21232,0.082924,537,BitMart,DOGE/USDT,2022-11-11T19:18:16.638Z,0.000376,20,0.082426
0.083306,124196,0.082883,128829,BitMart,DOGE/USDT,2022-11-11T19:18:16.638Z,0.000423,20,0.082661
0.083347,107581,0.082823,55230,BitMart,DOGE/USDT,2022-11-11T19:18:16.638Z,0.000524,20,0.082612
0.083368,93407,0.08276,153200,BitMart,DOGE/USDT,2022-11-11T19:18:16.638Z,0.000608,20,0.08266
0.083429,164127,0.082737,139054,BitMart,DOGE/USDT,2022-11-11T19:18:16.638Z,0.000692,20,0.082689
0.083444,115912,0.082672,77915,BitMart,DOGE/USDT,2022-11-11T19:18:16.638Z,0.000772,20,0.08284
0.083485,76551,0.082643,146393,BitMart,DOGE/USDT,2022-11-11T19:18:16.638Z,0.000842,20,0.082506
0.083514,53660,0.082598,155417,BitMart,DOGE/USDT,2022-11-11T19:18:16.638Z,0.000916,20,0.08259
0.083576,100886,0.082543,98549,BitMart,DOGE/USDT,2022-11-11T19:18:16.638Z,0.001033,20,0.08268
0.083651,57879,0.082498,129157,BitMart,DOGE/USDT,2022-11-11T19:18:16.638Z,0.001153,20,0.082903
0.083713,155755,0.082462,64431,BitMart,DOGE/USDT,2022-11-11T19:18:16.638Z,0.001251,20,0.082982
0.083759,46386,0.082423,69510,BitMart,DOGE/USDT,2022-11-11T19:18:16.638Z,0.001336,20,0.082871
0.08302,43.02,0.083001,1275.89,Gate.io,DOGE/USDT,2022-11-11T19:18:27.498Z,1.90E-05,20,0.082773
0.083051,81.07,0.083,1275.89,Gate.io,DOGE/USDT,2022-11-11T19:18:27.498Z,5.10E-05,20,0.082692
0.083062,1852.32,0.082999,1275.89,Gate.io,DOGE/USDT,2022-11-11T19:18:27.498Z,6.30E-05,20,0.082222
0.083071,3.23,0.082998,1275.89,Gate.io,DOGE/USDT,2022-11-11T19:18:27.498Z,7.30E-05,20,0.082186
0.08309,11343.84,0.082997,1275.89,Gate.io,DOGE/USDT,2022-11-11T19:18:27.498Z,9.30E-05,20,0.082222
0.083099,195344.17,0.082996,84.84,Gate.io,DOGE/USDT,2022-11-11T19:18:27.498Z,0.000103,20,0.082431
0.083106,80.2,0.082968,1852.32,Gate.io,DOGE/USDT,2022-11-11T19:18:27.498Z,0.000138,20,0.082391
0.083115,12.37,0.082967,1987.21,Gate.io,DOGE/USDT,2022-11-11T19:18:27.498Z,0.000148,20,0.082242
0.083121,1829.12,0.082962,1275.89,Gate.io,DOGE/USDT,2022-11-11T19:18:27.498Z,0.000159,20,0.082382
0.083128,12047.47,0.082961,1275.89,Gate.io,DOGE/USDT,2022-11-11T19:18:27.498Z,0.000167,20,0.08259
0.08316,13365.98,0.082919,7307.32,Gate.io,DOGE/USDT,2022-11-11T19:18:27.498Z,0.000241,20,0.08252
0.083164,5931.08,0.082912,5894.88,Gate.io,DOGE/USDT,2022-11-11T19:18:27.498Z,0.000252,20,0.082583
0.083188,12.34,0.082883,2454.99,Gate.io,DOGE/USDT,2022-11-11T19:18:27.498Z,0.000305,20,0.082812
0.083189,28269.67,0.082865,6175.19,Gate.io,DOGE/USDT,2022-11-11T19:18:27.498Z,0.000324,20,0.082581
0.083191,448.76,0.082862,1079.87,Gate.io,DOGE/USDT,2022-11-11T19:18:27.498Z,0.000329,20,0.082414
0.083192,620183.59,0.08286,6381.76,Gate.io,DOGE/USDT,2022-11-11T19:18:27.498Z,0.000332,20,0.08248
0.083194,404429.13,0.082859,1801.62,Gate.io,DOGE/USDT,2022-11-11T19:18:27.498Z,0.000335,20,0.082655
0.0832,12855.26,0.082855,195344.17,Gate.io,DOGE/USDT,2022-11-11T19:18:27.498Z,0.000345,20,0.082866
0.083202,13.46,0.082852,1400.47,Gate.io,DOGE/USDT,2022-11-11T19:18:27.498Z,0.00035,20,0.08285
0.083224,24099.29,0.082843,1536.02,Gate.io,DOGE/USDT,2022-11-11T19:18:27.498Z,0.000381,20,0.0829
0.083026,3000.0004,0.082924,3000.0048,Bitget,DOGE/USDT,2022-11-11T19:18:39.565Z,0.000102,20,0.082769
0.083028,3000.0007,0.082922,3000.0043,Bitget,DOGE/USDT,2022-11-11T19:18:39.565Z,0.000106,20,0.082684
0.08303,3000.0012,0.08292,3000.0028,Bitget,DOGE/USDT,2022-11-11T19:18:39.565Z,0.00011,20,0.082374
0.083032,3000.0014,0.082918,3000.0044,Bitget,DOGE/USDT,2022-11-11T19:18:39.565Z,0.000114,20,0.082245
0.083034,3000.0024,0.082916,3000.0018,Bitget,DOGE/USDT,2022-11-11T19:18:39.565Z,0.000118,20,0.08229
0.083036,3000.003,0.082914,3000.0004,Bitget,DOGE/USDT,2022-11-11T19:18:39.565Z,0.000122,20,0.082426
0.083046,6633.8183,0.082904,7672.9455,Bitget,DOGE/USDT,2022-11-11T19:18:39.565Z,0.000142,20,0.082435
0.083056,16387.1403,0.082898,3000.0017,Bitget,DOGE/USDT,2022-11-11T19:18:39.565Z,0.000158,20,0.082254
0.083061,3000.0001,0.082896,3000.001,Bitget,DOGE/USDT,2022-11-11T19:18:39.565Z,0.000165,20,0.082419
0.083062,3000.0002,0.082895,65027.5659,Bitget,DOGE/USDT,2022-11-11T19:18:39.565Z,0.000167,20,0.08263
0.083064,3000.0011,0.082894,3725.3205,Bitget,DOGE/USDT,2022-11-11T19:18:39.565Z,0.00017,20,0.08257
0.083066,6909.1292,0.082891,76584.4101,Bitget,DOGE/USDT,2022-11-11T19:18:39.565Z,0.000175,20,0.082582
0.083067,3000.0023,0.082884,18624.7974,Bitget,DOGE/USDT,2022-11-11T19:18:39.565Z,0.000183,20,0.082836
0.083069,3000.0013,0.082876,9557.7372,Bitget,DOGE/USDT,2022-11-11T19:18:39.565Z,0.000193,20,0.082597
0.083076,14033.8622,0.082874,23219.3071,Bitget,DOGE/USDT,2022-11-11T19:18:39.565Z,0.000202,20,0.082469
0.083085,3000.0039,0.082864,22611.1831,Bitget,DOGE/USDT,2022-11-11T19:18:39.565Z,0.000221,20,0.082499
0.083086,58791.7084,0.082859,3000.0037,Bitget,DOGE/USDT,2022-11-11T19:18:39.565Z,0.000227,20,0.08264
0.083093,451383.3064,0.082857,503971.6527,Bitget,DOGE/USDT,2022-11-11T19:18:39.565Z,0.000236,20,0.082883
0.083095,3000.0035,0.082854,40563.1285,Bitget,DOGE/USDT,2022-11-11T19:18:39.565Z,0.000241,20,0.082879
0.083096,35588.2296,0.082844,25500.3891,Bitget,DOGE/USDT,2022-11-11T19:18:39.565Z,0.000252,20,0.082923
0.082946,1090,0.082894,430,BitMart,DOGE/USDT,2022-11-11T19:18:52.962Z,5.20E-05,20,0.082847
0.082947,1657,0.082893,591,BitMart,DOGE/USDT,2022-11-11T19:18:52.962Z,5.40E-05,20,0.082896
0.082949,1303,0.082891,1637,BitMart,DOGE/USDT,2022-11-11T19:18:52.962Z,5.80E-05,20,0.082271
0.082951,1162,0.082889,505,BitMart,DOGE/USDT,2022-11-11T19:18:52.962Z,6.20E-05,20,0.082246
0.082952,694,0.082888,399,BitMart,DOGE/USDT,2022-11-11T19:18:52.962Z,6.40E-05,20,0.08232
0.082954,839,0.082886,1204,BitMart,DOGE/USDT,2022-11-11T19:18:52.962Z,6.80E-05,20,0.082488
0.082956,1011,0.082884,1221,BitMart,DOGE/USDT,2022-11-11T19:18:52.962Z,7.20E-05,20,0.08248
0.082957,911,0.082883,918,BitMart,DOGE/USDT,2022-11-11T19:18:52.962Z,7.40E-05,20,0.082269
0.082959,1552,0.082881,689,BitMart,DOGE/USDT,2022-11-11T19:18:52.962Z,7.80E-05,20,0.082426
0.082961,1173,0.082876,1238,BitMart,DOGE/USDT,2022-11-11T19:18:52.962Z,8.50E-05,20,0.082661
0.082962,1187,0.082874,1613,BitMart,DOGE/USDT,2022-11-11T19:18:52.962Z,8.80E-05,20,0.082612
0.082964,1360,0.082873,446,BitMart,DOGE/USDT,2022-11-11T19:18:52.962Z,9.10E-05,20,0.08266
0.082966,736,0.082871,1011,BitMart,DOGE/USDT,2022-11-11T19:18:52.962Z,9.50E-05,20,0.082689
0.082967,839,0.082869,1032,BitMart,DOGE/USDT,2022-11-11T19:18:52.962Z,9.80E-05,20,0.08284
0.082969,901,0.082868,525,BitMart,DOGE/USDT,2022-11-11T19:18:52.962Z,0.000101,20,0.082506
0.082971,1584,0.082866,835,BitMart,DOGE/USDT,2022-11-11T19:18:52.962Z,0.000105,20,0.08259
0.082972,472,0.082864,599,BitMart,DOGE/USDT,2022-11-11T19:18:52.962Z,0.000108,20,0.08268
0.082974,813,0.082823,55230,BitMart,DOGE/USDT,2022-11-11T19:18:52.962Z,0.000151,20,0.082903
0.082992,838,0.08276,153200,BitMart,DOGE/USDT,2022-11-11T19:18:52.962Z,0.000232,20,0.082982
0.082994,878,0.082737,139054,BitMart,DOGE/USDT,2022-11-11T19:18:52.962Z,0.000257,20,0.082871
0.082898,43.12,0.082873,86.7,Gate.io,DOGE/USDT,2022-11-11T19:19:03.526Z,2.50E-05,20,0.082692
0.082978,1852.32,0.082862,1852.32,Gate.io,DOGE/USDT,2022-11-11T19:19:03.526Z,0.000116,20,0.082222
0.082982,43.1,0.082857,1275.89,Gate.io,DOGE/USDT,2022-11-11T19:19:03.526Z,0.000125,20,0.082186
0.082989,115.02,0.082856,1275.89,Gate.io,DOGE/USDT,2022-11-11T19:19:03.526Z,0.000133,20,0.082222
0.082993,195344.17,0.082854,1275.89,Gate.io,DOGE/USDT,2022-11-11T19:19:03.526Z,0.000139,20,0.082431
0.083,5353.31,0.082853,1275.89,Gate.io,DOGE/USDT,2022-11-11T19:19:03.526Z,0.000147,20,0.082391
0.083021,5934.53,0.082839,1800,Gate.io,DOGE/USDT,2022-11-11T19:19:03.526Z,0.000182,20,0.082242
0.083044,404429.13,0.082831,1990.91,Gate.io,DOGE/USDT,2022-11-11T19:19:03.526Z,0.000213,20,0.082382
0.083049,28269.67,0.082816,12074.97,Gate.io,DOGE/USDT,2022-11-11T19:19:03.526Z,0.000233,20,0.08259
0.083051,81.07,0.082809,6505.4,Gate.io,DOGE/USDT,2022-11-11T19:19:03.526Z,0.000242,20,0.08252
0.083065,6043.8,0.082778,6107.15,Gate.io,DOGE/USDT,2022-11-11T19:19:03.526Z,0.000287,20,0.082583
0.083071,3.23,0.082748,2458.69,Gate.io,DOGE/USDT,2022-11-11T19:19:03.526Z,0.000323,20,0.082812
0.083072,18620.36,0.082747,195344.17,Gate.io,DOGE/USDT,2022-11-11T19:19:03.526Z,0.000325,20,0.082581
0.083091,448.76,0.08274,404429.13,Gate.io,DOGE/USDT,2022-11-11T19:19:03.526Z,0.000351,20,0.082414
0.083092,620183.59,0.082739,930.86,Gate.io,DOGE/USDT,2022-11-11T19:19:03.526Z,0.000353,20,0.08248
0.083104,24142.93,0.082735,2416.72,Gate.io,DOGE/USDT,2022-11-11T19:19:03.526Z,0.000369,20,0.082655
0.083106,80.2,0.082724,5948.22,Gate.io,DOGE/USDT,2022-11-11T19:19:03.526Z,0.000382,20,0.082866
0.083115,12.37,0.082723,661.1,Gate.io,DOGE/USDT,2022-11-11T19:19:03.526Z,0.000392,20,0.08285
0.083121,1829.12,0.082719,1081.76,Gate.io,DOGE/USDT,2022-11-11T19:19:03.526Z,0.000402,20,0.082874
0.083128,12047.47,0.082717,1458.92,Gate.io,DOGE/USDT,2022-11-11T19:19:03.526Z,0.000411,20,0.082874
0.082976,3000.003,0.082864,3000.0049,Bitget,DOGE/USDT,2022-11-11T19:19:16.196Z,0.000112,20,0.082684
0.082978,3000.0023,0.082862,3000.0004,Bitget,DOGE/USDT,2022-11-11T19:19:16.196Z,0.000116,20,0.082374
0.08298,3000.0009,0.08286,3000.0022,Bitget,DOGE/USDT,2022-11-11T19:19:16.196Z,0.00012,20,0.082245
0.082982,3000.0041,0.082858,3000.0003,Bitget,DOGE/USDT,2022-11-11T19:19:16.196Z,0.000124,20,0.08229
0.082984,3000.0021,0.082856,3000.0037,Bitget,DOGE/USDT,2022-11-11T19:19:16.196Z,0.000128,20,0.082426
0.082986,3000.0041,0.082854,3000.0032,Bitget,DOGE/USDT,2022-11-11T19:19:16.196Z,0.000132,20,0.082435
0.082996,14003.2691,0.08285,3000.005,Bitget,DOGE/USDT,2022-11-11T19:19:16.196Z,0.000146,20,0.082254
0.083004,3000.0022,0.082848,3000.0033,Bitget,DOGE/USDT,2022-11-11T19:19:16.196Z,0.000156,20,0.082419
0.083005,3000.0022,0.082847,3000.0045,Bitget,DOGE/USDT,2022-11-11T19:19:16.196Z,0.000158,20,0.08263
0.083006,7728.4624,0.082845,3000.005,Bitget,DOGE/USDT,2022-11-11T19:19:16.196Z,0.000161,20,0.08257
0.083016,22000.9841,0.082844,6447.9853,Bitget,DOGE/USDT,2022-11-11T19:19:16.196Z,0.000172,20,0.082582
0.083017,3960,0.082843,36445.1571,Bitget,DOGE/USDT,2022-11-11T19:19:16.196Z,0.000174,20,0.082836
0.083022,5597.7372,0.082837,3000,Bitget,DOGE/USDT,2022-11-11T19:19:16.196Z,0.000185,20,0.082597
0.083026,22102.8497,0.082835,63459.5841,Bitget,DOGE/USDT,2022-11-11T19:19:16.196Z,0.000191,20,0.082469
0.083036,35160.2104,0.082834,3817.848,Bitget,DOGE/USDT,2022-11-11T19:19:16.196Z,0.000202,20,0.082499
0.083038,504313.5252,0.082829,63237.8241,Bitget,DOGE/USDT,2022-11-11T19:19:16.196Z,0.000209,20,0.08264
0.083046,33673.0593,0.082826,3960,Bitget,DOGE/USDT,2022-11-11T19:19:16.196Z,0.00022,20,0.082883
0.083056,64662.6307,0.082824,66650.9557,Bitget,DOGE/USDT,2022-11-11T19:19:16.196Z,0.000232,20,0.082879
0.083066,32376.6587,0.082816,5597.7372,Bitget,DOGE/USDT,2022-11-11T19:19:16.196Z,0.00025,20,0.082856
0.083076,65166.1626,0.082814,12148.6992,Bitget,DOGE/USDT,2022-11-11T19:19:16.196Z,0.000262,20,0.082856
0.082956,1641,0.082914,1044,BitMart,DOGE/USDT,2022-11-11T19:19:29.006Z,4.20E-05,20,0.082896
0.082957,1536,0.082913,635,BitMart,DOGE/USDT,2022-11-11T19:19:29.006Z,4.40E-05,20,0.082271
0.082959,977,0.082911,1245,BitMart,DOGE/USDT,2022-11-11T19:19:29.006Z,4.80E-05,20,0.082246
0.082961,482,0.082909,612,BitMart,DOGE/USDT,2022-11-11T19:19:29.006Z,5.20E-05,20,0.08232
0.082962,1625,0.082908,571,BitMart,DOGE/USDT,2022-11-11T19:19:29.006Z,5.40E-05,20,0.082488
0.082964,1333,0.082906,1118,BitMart,DOGE/USDT,2022-11-11T19:19:29.006Z,5.80E-05,20,0.08248
0.082966,1169,0.082904,1610,BitMart,DOGE/USDT,2022-11-11T19:19:29.006Z,6.20E-05,20,0.082269
0.082967,413,0.082903,712,BitMart,DOGE/USDT,2022-11-11T19:19:29.006Z,6.40E-05,20,0.082426
0.082969,1139,0.082901,1315,BitMart,DOGE/USDT,2022-11-11T19:19:29.006Z,6.80E-05,20,0.082661
0.082971,825,0.082899,785,BitMart,DOGE/USDT,2022-11-11T19:19:29.006Z,7.20E-05,20,0.082612
0.082972,1668,0.082898,746,BitMart,DOGE/USDT,2022-11-11T19:19:29.006Z,7.40E-05,20,0.08266
0.082974,646,0.082896,730,BitMart,DOGE/USDT,2022-11-11T19:19:29.006Z,7.80E-05,20,0.082689
0.082976,393,0.082894,622,BitMart,DOGE/USDT,2022-11-11T19:19:29.006Z,8.20E-05,20,0.08284
0.082977,1593,0.082893,1611,BitMart,DOGE/USDT,2022-11-11T19:19:29.006Z,8.40E-05,20,0.082506
0.082979,1579,0.082891,1382,BitMart,DOGE/USDT,2022-11-11T19:19:29.006Z,8.80E-05,20,0.08259
0.082981,1398,0.082889,832,BitMart,DOGE/USDT,2022-11-11T19:19:29.006Z,9.20E-05,20,0.08268
0.082982,1690,0.082888,918,BitMart,DOGE/USDT,2022-11-11T19:19:29.006Z,9.40E-05,20,0.082903
0.082984,1255,0.082886,1193,BitMart,DOGE/USDT,2022-11-11T19:19:29.006Z,9.80E-05,20,0.082982
0.082986,422,0.082884,1010,BitMart,DOGE/USDT,2022-11-11T19:19:29.006Z,0.000102,20,0.082871
0.082987,1456,0.082883,1605,BitMart,DOGE/USDT,2022-11-11T19:19:29.006Z,0.000104,20,0.08297
0.082946,84.86,0.082922,43.08,Gate.io,DOGE/USDT,2022-11-11T19:19:39.564Z,2.40E-05,20,0.082692
0.082999,1852.32,0.082888,1286.89,Gate.io,DOGE/USDT,2022-11-11T19:19:39.564Z,0.000111,20,0.082222
0.08301,9029.35,0.082887,1852.32,Gate.io,DOGE/USDT,2022-11-11T19:19:39.564Z,0.000123,20,0.082186
0.083015,195344.17,0.08288,6072.13,Gate.io,DOGE/USDT,2022-11-11T19:19:39.564Z,0.000135,20,0.082222
0.083041,608.02,0.082878,1989.8,Gate.io,DOGE/USDT,2022-11-11T19:19:39.564Z,0.000163,20,0.082431
0.083051,404510.2,0.082876,1275.89,Gate.io,DOGE/USDT,2022-11-11T19:19:39.564Z,0.000175,20,0.082391
0.083052,12515.19,0.082874,47399.06,Gate.io,DOGE/USDT,2022-11-11T19:19:39.564Z,0.000178,20,0.082242
0.083065,6043.8,0.082839,1800,Gate.io,DOGE/USDT,2022-11-11T19:19:39.564Z,0.000226,20,0.082382
0.083071,3.23,0.082826,5960.05,Gate.io,DOGE/USDT,2022-11-11T19:19:39.564Z,0.000245,20,0.08259
0.083078,28269.67,0.082824,404429.13,Gate.io,DOGE/USDT,2022-11-11T19:19:39.564Z,0.000254,20,0.08252
0.083091,448.76,0.082816,12074.97,Gate.io,DOGE/USDT,2022-11-11T19:19:39.564Z,0.000275,20,0.082583
0.083092,620183.59,0.082807,195344.17,Gate.io,DOGE/USDT,2022-11-11T19:19:39.564Z,0.000285,20,0.082812
0.083104,17309.54,0.082794,2457.98,Gate.io,DOGE/USDT,2022-11-11T19:19:39.564Z,0.00031,20,0.082581
0.083106,80.2,0.082783,448.76,Gate.io,DOGE/USDT,2022-11-11T19:19:39.564Z,0.000323,20,0.082414
0.083115,12.37,0.082782,620183.59,Gate.io,DOGE/USDT,2022-11-11T19:19:39.564Z,0.000333,20,0.08248
0.083128,12047.47,0.08278,1080.79,Gate.io,DOGE/USDT,2022-11-11T19:19:39.564Z,0.000348,20,0.082655
0.083143,2791.04,0.082778,6107.15,Gate.io,DOGE/USDT,2022-11-11T19:19:39.564Z,0.000365,20,0.082866
0.083152,24128.36,0.082771,6387.64,Gate.io,DOGE/USDT,2022-11-11T19:19:39.564Z,0.000381,20,0.08285
0.083164,10000,0.08277,869.6,Gate.io,DOGE/USDT,2022-11-11T19:19:39.564Z,0.000394,20,0.082874
0.083188,12.34,0.082768,1803.28,Gate.io,DOGE/USDT,2022-11-11T19:19:39.564Z,0.00042,20,0.082874
0.083066,3000.0025,0.082964,3000.0039,Bitget,DOGE/USDT,2022-11-11T19:19:52.259Z,0.000102,20,0.082684
0.083068,3000.0033,0.082962,3000.0018,Bitget,DOGE/USDT,2022-11-11T19:19:52.259Z,0.000106,20,0.082374
0.08307,3000.0019,0.08296,3000.0013,Bitget,DOGE/USDT,2022-11-11T19:19:52.259Z,0.00011,20,0.082245
0.083072,3000.0024,0.082958,3000.0049,Bitget,DOGE/USDT,2022-11-11T19:19:52.259Z,0.000114,20,0.08229
0.083074,3000.0013,0.082956,3000.0012,Bitget,DOGE/USDT,2022-11-11T19:19:52.259Z,0.000118,20,0.082426
0.083076,3000.0032,0.082954,3000.0014,Bitget,DOGE/USDT,2022-11-11T19:19:52.259Z,0.000122,20,0.082435
0.083086,3000.0023,0.08295,3000.0048,Bitget,DOGE/USDT,2022-11-11T19:19:52.259Z,0.000136,20,0.082254
0.083096,3000.0009,0.082949,3000.0025,Bitget,DOGE/USDT,2022-11-11T19:19:52.259Z,0.000147,20,0.082419
0.083106,14841.9329,0.082948,3960,Bitget,DOGE/USDT,2022-11-11T19:19:52.259Z,0.000158,20,0.08263
0.083116,28879.9022,0.082946,37235.1375,Bitget,DOGE/USDT,2022-11-11T19:19:52.259Z,0.00017,20,0.08257
0.083117,3000.0014,0.082944,5869.7461,Bitget,DOGE/USDT,2022-11-11T19:19:52.259Z,0.000173,20,0.082582
0.083118,3000.0037,0.082938,3000.0022,Bitget,DOGE/USDT,2022-11-11T19:19:52.259Z,0.00018,20,0.082836
0.083126,16192.5233,0.082937,3000.0028,Bitget,DOGE/USDT,2022-11-11T19:19:52.259Z,0.000189,20,0.082597
0.083127,5597.7372,0.082934,6148.697,Bitget,DOGE/USDT,2022-11-11T19:19:52.259Z,0.000193,20,0.082469
0.083134,486206.3585,0.082933,69828.8481,Bitget,DOGE/USDT,2022-11-11T19:19:52.259Z,0.000201,20,0.082499
0.083136,12387.5668,0.082932,3000.0029,Bitget,DOGE/USDT,2022-11-11T19:19:52.259Z,0.000204,20,0.08264
0.08314,3000.0038,0.082931,3000.0013,Bitget,DOGE/USDT,2022-11-11T19:19:52.259Z,0.000209,20,0.082883
0.083146,35006.1978,0.082924,34365.8679,Bitget,DOGE/USDT,2022-11-11T19:19:52.259Z,0.000222,20,0.082879
0.083156,48732.0357,0.082923,5597.7372,Bitget,DOGE/USDT,2022-11-11T19:19:52.259Z,0.000233,20,0.082856
0.083166,60560.6243,0.082915,3000.003,Bitget,DOGE/USDT,2022-11-11T19:19:52.259Z,0.000251,20,0.082856
0.083076,1310,0.083034,805,BitMart,DOGE/USDT,2022-11-11T19:20:05.303Z,4.20E-05,20,0.082896
0.083077,1131,0.083033,1145,BitMart,DOGE/USDT,2022-11-11T19:20:05.303Z,4.40E-05,20,0.082271
0.083079,429,0.083031,462,BitMart,DOGE/USDT,2022-11-11T19:20:05.303Z,4.80E-05,20,0.082246
0.083081,965,0.083029,1268,BitMart,DOGE/USDT,2022-11-11T19:20:05.303Z,5.20E-05,20,0.08232
0.083082,1632,0.083028,1515,BitMart,DOGE/USDT,2022-11-11T19:20:05.303Z,5.40E-05,20,0.082488
0.083084,714,0.083026,1034,BitMart,DOGE/USDT,2022-11-11T19:20:05.303Z,5.80E-05,20,0.08248
0.083086,1731,0.083024,1274,BitMart,DOGE/USDT,2022-11-11T19:20:05.303Z,6.20E-05,20,0.082269
0.083087,1076,0.083023,1717,BitMart,DOGE/USDT,2022-11-11T19:20:05.303Z,6.40E-05,20,0.082426
0.083089,858,0.083021,1675,BitMart,DOGE/USDT,2022-11-11T19:20:05.303Z,6.80E-05,20,0.082661
0.083091,995,0.083019,1264,BitMart,DOGE/USDT,2022-11-11T19:20:05.303Z,7.20E-05,20,0.082612
0.083092,561,0.083018,526,BitMart,DOGE/USDT,2022-11-11T19:20:05.303Z,7.40E-05,20,0.08266
0.083094,569,0.083016,968,BitMart,DOGE/USDT,2022-11-11T19:20:05.303Z,7.80E-05,20,0.082689
0.083096,637,0.083014,999,BitMart,DOGE/USDT,2022-11-11T19:20:05.303Z,8.20E-05,20,0.08284
0.083097,783,0.083013,1683,BitMart,DOGE/USDT,2022-11-11T19:20:05.303Z,8.40E-05,20,0.082506
0.083099,389,0.083011,627,BitMart,DOGE/USDT,2022-11-11T19:20:05.303Z,8.80E-05,20,0.08259
0.083101,1167,0.083009,735,BitMart,DOGE/USDT,2022-11-11T19:20:05.303Z,9.20E-05,20,0.08268
0.083102,1709,0.083008,1261,BitMart,DOGE/USDT,2022-11-11T19:20:05.303Z,9.40E-05,20,0.082903
0.083104,841,0.083006,1340,BitMart,DOGE/USDT,2022-11-11T19:20:05.303Z,9.80E-05,20,0.082982
0.083106,1065,0.083004,704,BitMart,DOGE/USDT,2022-11-11T19:20:05.303Z,0.000102,20,0.082871
0.083107,1335,0.083003,1123,BitMart,DOGE/USDT,2022-11-11T19:20:05.303Z,0.000104,20,0.08294
0.083071,3.23,0.083066,84.78,Gate.io,DOGE/USDT,2022-11-11T19:20:15.726Z,5.00E-06,20,0.082222
0.08309,42.97,0.083018,1852.32,Gate.io,DOGE/USDT,2022-11-11T19:20:15.726Z,7.20E-05,20,0.082186
0.083106,80.2,0.083007,1986.01,Gate.io,DOGE/USDT,2022-11-11T19:20:15.726Z,9.90E-05,20,0.082222
0.083115,12.37,0.083,5436.26,Gate.io,DOGE/USDT,2022-11-11T19:20:15.726Z,0.000115,20,0.082431
0.083127,1852.32,0.082995,200,Gate.io,DOGE/USDT,2022-11-11T19:20:15.726Z,0.000132,20,0.082391
0.083128,12047.47,0.082976,1275.89,Gate.io,DOGE/USDT,2022-11-11T19:20:15.726Z,0.000152,20,0.082242
0.08313,2213.92,0.082975,1275.89,Gate.io,DOGE/USDT,2022-11-11T19:20:15.726Z,0.000155,20,0.082382
0.08316,13288.48,0.082974,1275.89,Gate.io,DOGE/USDT,2022-11-11T19:20:15.726Z,0.000186,20,0.08259
0.083184,195344.17,0.082973,1275.89,Gate.io,DOGE/USDT,2022-11-11T19:20:15.726Z,0.000211,20,0.08252
0.083188,12.34,0.082972,1275.89,Gate.io,DOGE/USDT,2022-11-11T19:20:15.726Z,0.000216,20,0.082583
0.083197,6132.51,0.082971,1275.89,Gate.io,DOGE/USDT,2022-11-11T19:20:15.726Z,0.000226,20,0.082812
0.083202,13.46,0.082951,5948.16,Gate.io,DOGE/USDT,2022-11-11T19:20:15.726Z,0.000251,20,0.082581
0.083207,28269.67,0.082949,1275.89,Gate.io,DOGE/USDT,2022-11-11T19:20:15.726Z,0.000258,20,0.082414
0.083276,6035.78,0.082948,195344.17,Gate.io,DOGE/USDT,2022-11-11T19:20:15.726Z,0.000328,20,0.08248
0.083278,57.87,0.082923,2452.64,Gate.io,DOGE/USDT,2022-11-11T19:20:15.726Z,0.000355,20,0.082655
0.08328,24090.58,0.082905,1079.08,Gate.io,DOGE/USDT,2022-11-11T19:20:15.726Z,0.000375,20,0.082866
0.083282,640.34,0.082895,6122.13,Gate.io,DOGE/USDT,2022-11-11T19:20:15.726Z,0.000387,20,0.08285
0.083285,404429.13,0.082891,404429.13,Gate.io,DOGE/USDT,2022-11-11T19:20:15.726Z,0.000394,20,0.082874
0.083294,10000,0.082888,11,Gate.io,DOGE/USDT,2022-11-11T19:20:15.726Z,0.000406,20,0.082874
0.083301,620183.59,0.082887,1800.36,Gate.io,DOGE/USDT,2022-11-11T19:20:15.726Z,0.000414,20,0.083054
0.083056,3000.0037,0.082954,3000.0002,Bitget,DOGE/USDT,2022-11-11T19:20:28.256Z,0.000102,20,0.082374
0.083058,3000.0049,0.082952,3000.0049,Bitget,DOGE/USDT,2022-11-11T19:20:28.256Z,0.000106,20,0.082245
0.08306,3000.0005,0.08295,3000.0009,Bitget,DOGE/USDT,2022-11-11T19:20:28.256Z,0.00011,20,0.08229
0.083062,7604.1556,0.082948,3000.0003,Bitget,DOGE/USDT,2022-11-11T19:20:28.256Z,0.000114,20,0.082426
0.083064,20010.9357,0.082946,3000.0021,Bitget,DOGE/USDT,2022-11-11T19:20:28.256Z,0.000118,20,0.082435
0.083066,52660.3572,0.082944,3000.0036,Bitget,DOGE/USDT,2022-11-11T19:20:28.256Z,0.000122,20,0.082254
0.083069,3015.5796,0.082934,3000.0002,Bitget,DOGE/USDT,2022-11-11T19:20:28.256Z,0.000135,20,0.082419
0.08307,66937.9194,0.082924,3471.0316,Bitget,DOGE/USDT,2022-11-11T19:20:28.256Z,0.000146,20,0.08263
0.083071,73738.1601,0.082917,6106.2408,Bitget,DOGE/USDT,2022-11-11T19:20:28.256Z,0.000154,20,0.08257
0.083072,58675.5774,0.082914,5415.2684,Bitget,DOGE/USDT,2022-11-11T19:20:28.256Z,0.000158,20,0.082582
0.083073,95252.9886,0.082904,4307.5678,Bitget,DOGE/USDT,2022-11-11T19:20:28.256Z,0.000169,20,0.082836
0.083074,3000.0042,0.082897,3000.0022,Bitget,DOGE/USDT,2022-11-11T19:20:28.256Z,0.000177,20,0.082597
0.083076,6461.8834,0.082894,19059.1564,Bitget,DOGE/USDT,2022-11-11T19:20:28.256Z,0.000182,20,0.082469
0.083086,35811.3616,0.082886,486285.4365,Bitget,DOGE/USDT,2022-11-11T19:20:28.256Z,0.0002,20,0.082499
0.083089,3000.0047,0.082884,30832.2083,Bitget,DOGE/USDT,2022-11-11T19:20:28.256Z,0.000205,20,0.08264
0.08309,3000.0045,0.082883,64389.897,Bitget,DOGE/USDT,2022-11-11T19:20:28.256Z,0.000207,20,0.082883
0.083092,3000.0014,0.082879,3960,Bitget,DOGE/USDT,2022-11-11T19:20:28.256Z,0.000213,20,0.082879
0.083096,32077.1162,0.082874,41903.0219,Bitget,DOGE/USDT,2022-11-11T19:20:28.256Z,0.000222,20,0.082856
0.083099,5597.7372,0.082864,87718.2336,Bitget,DOGE/USDT,2022-11-11T19:20:28.256Z,0.000235,20,0.082856
0.083101,3000.0014,0.082854,94293.1307,Bitget,DOGE/USDT,2022-11-11T19:20:28.256Z,0.000247,20,0.083016
0.082966,559,0.082924,906,BitMart,DOGE/USDT,2022-11-11T19:20:40.698Z,4.20E-05,20,0.082271
0.082967,1221,0.082918,784,BitMart,DOGE/USDT,2022-11-11T19:20:40.698Z,4.90E-05,20,0.082246
0.082969,496,0.082916,443,BitMart,DOGE/USDT,2022-11-11T19:20:40.698Z,5.30E-05,20,0.08232
0.082971,1008,0.082914,1633,BitMart,DOGE/USDT,2022-11-11T19:20:40.698Z,5.70E-05,20,0.082488
0.082972,555,0.082908,797,BitMart,DOGE/USDT,2022-11-11T19:20:40.698Z,6.40E-05,20,0.08248
0.082974,1584,0.082906,864,BitMart,DOGE/USDT,2022-11-11T19:20:40.698Z,6.80E-05,20,0.082269
0.082976,1177,0.082903,708,BitMart,DOGE/USDT,2022-11-11T19:20:40.698Z,7.30E-05,20,0.082426
0.082977,1695,0.082901,1138,BitMart,DOGE/USDT,2022-11-11T19:20:40.698Z,7.60E-05,20,0.082661
0.082979,1572,0.082899,1533,BitMart,DOGE/USDT,2022-11-11T19:20:40.698Z,8.00E-05,20,0.082612
0.082981,1621,0.082894,1509,BitMart,DOGE/USDT,2022-11-11T19:20:40.698Z,8.70E-05,20,0.08266
0.082982,656,0.082893,1376,BitMart,DOGE/USDT,2022-11-11T19:20:40.698Z,8.90E-05,20,0.082689
0.082984,1402,0.082891,1217,BitMart,DOGE/USDT,2022-11-11T19:20:40.698Z,9.30E-05,20,0.08284
0.082986,1256,0.082871,569,BitMart,DOGE/USDT,2022-11-11T19:20:40.698Z,0.000115,20,0.082506
0.082989,1556,0.082868,1376,BitMart,DOGE/USDT,2022-11-11T19:20:40.698Z,0.000121,20,0.08259
0.082991,981,0.082866,682,BitMart,DOGE/USDT,2022-11-11T19:20:40.698Z,0.000125,20,0.08268
0.082992,529,0.082861,416,BitMart,DOGE/USDT,2022-11-11T19:20:40.698Z,0.000131,20,0.082903
0.082997,1452,0.082848,76261,BitMart,DOGE/USDT,2022-11-11T19:20:40.698Z,0.000149,20,0.082982
0.082999,545,0.082803,122190,BitMart,DOGE/USDT,2022-11-11T19:20:40.698Z,0.000196,20,0.082871
0.083001,403,0.08276,153200,BitMart,DOGE/USDT,2022-11-11T19:20:40.698Z,0.000241,20,0.08294
0.083004,1522,0.082737,139054,BitMart,DOGE/USDT,2022-11-11T19:20:40.698Z,0.000267,20,0.08294
0.082946,43.07,0.082922,84.85,Gate.io,DOGE/USDT,2022-11-11T19:20:52.652Z,2.40E-05,20,0.082222
0.083004,1852.32,0.082921,1852.32,Gate.io,DOGE/USDT,2022-11-11T19:20:52.652Z,8.30E-05,20,0.082186
0.083005,195344.17,0.082913,1988.97,Gate.io,DOGE/USDT,2022-11-11T19:20:52.652Z,9.20E-05,20,0.082222
0.08302,13855.57,0.0829,5686.26,Gate.io,DOGE/USDT,2022-11-11T19:20:52.652Z,0.00012,20,0.082431
0.083027,121.58,0.082875,34012.95,Gate.io,DOGE/USDT,2022-11-11T19:20:52.652Z,0.000152,20,0.082391
0.083043,404429.13,0.082874,47399.06,Gate.io,DOGE/USDT,2022-11-11T19:20:52.652Z,0.000169,20,0.082242
0.083044,5985.26,0.082845,6052.92,Gate.io,DOGE/USDT,2022-11-11T19:20:52.652Z,0.000199,20,0.082382
0.083071,3.23,0.082839,1800,Gate.io,DOGE/USDT,2022-11-11T19:20:52.652Z,0.000232,20,0.08259
0.083088,26912.65,0.082837,195344.17,Gate.io,DOGE/USDT,2022-11-11T19:20:52.652Z,0.000251,20,0.08252
0.083091,481.52,0.082828,2456.91,Gate.io,DOGE/USDT,2022-11-11T19:20:52.652Z,0.000263,20,0.082583
0.083104,448.76,0.08282,404429.13,Gate.io,DOGE/USDT,2022-11-11T19:20:52.652Z,0.000284,20,0.082812
0.083105,620183.59,0.082816,12074.97,Gate.io,DOGE/USDT,2022-11-11T19:20:52.652Z,0.000289,20,0.082581
0.083106,80.2,0.082809,1080.75,Gate.io,DOGE/USDT,2022-11-11T19:20:52.652Z,0.000297,20,0.082414
0.08311,28269.67,0.082797,6000.23,Gate.io,DOGE/USDT,2022-11-11T19:20:52.652Z,0.000313,20,0.08248
0.083115,12.37,0.082794,2898.32,Gate.io,DOGE/USDT,2022-11-11T19:20:52.652Z,0.000321,20,0.082655
0.083128,12047.47,0.082789,620183.59,Gate.io,DOGE/USDT,2022-11-11T19:20:52.652Z,0.000339,20,0.082866
0.083136,11789.93,0.082786,5292.23,Gate.io,DOGE/USDT,2022-11-11T19:20:52.652Z,0.00035,20,0.08285
0.083142,6163.24,0.082779,1401.69,Gate.io,DOGE/USDT,2022-11-11T19:20:52.652Z,0.000363,20,0.082874
0.083156,24119.63,0.082772,1537.31,Gate.io,DOGE/USDT,2022-11-11T19:20:52.652Z,0.000384,20,0.082874
0.083184,34119.63,0.082739,930.86,Gate.io,DOGE/USDT,2022-11-11T19:20:52.652Z,0.000445,20,0.082922
0.083006,3000.0045,0.082884,3000.004,Bitget,DOGE/USDT,2022-11-11T19:21:05.176Z,0.000122,20,0.082245
0.083008,3000.0019,0.082882,3000.0047,Bitget,DOGE/USDT,2022-11-11T19:21:05.176Z,0.000126,20,0.08229
0.08301,3000.0013,0.08288,3000.0002,Bitget,DOGE/USDT,2022-11-11T19:21:05.176Z,0.00013,20,0.082426
0.083012,3000.0034,0.082878,3000.002,Bitget,DOGE/USDT,2022-11-11T19:21:05.176Z,0.000134,20,0.082435
0.083014,3000.0034,0.082876,3117.3891,Bitget,DOGE/USDT,2022-11-11T19:21:05.176Z,0.000138,20,0.082254
0.083016,3000.0019,0.082874,8203.6554,Bitget,DOGE/USDT,2022-11-11T19:21:05.176Z,0.000142,20,0.082419
0.083021,3000.0028,0.082866,3000.003,Bitget,DOGE/USDT,2022-11-11T19:21:05.176Z,0.000155,20,0.08263
0.083022,3000.0033,0.082865,3000.0013,Bitget,DOGE/USDT,2022-11-11T19:21:05.176Z,0.000157,20,0.08257
0.083023,3000.0031,0.082864,59746.435,Bitget,DOGE/USDT,2022-11-11T19:21:05.176Z,0.000159,20,0.082582
0.083026,5388.4221,0.082863,3000.0036,Bitget,DOGE/USDT,2022-11-11T19:21:05.176Z,0.000163,20,0.082836
0.083031,3000.0025,0.082859,3000.0034,Bitget,DOGE/USDT,2022-11-11T19:21:05.176Z,0.000172,20,0.082597
0.083036,12257.8108,0.082858,3000.0006,Bitget,DOGE/USDT,2022-11-11T19:21:05.176Z,0.000178,20,0.082469
0.083038,3000.0032,0.082857,3000.0038,Bitget,DOGE/USDT,2022-11-11T19:21:05.176Z,0.000181,20,0.082499
0.083046,13020.8934,0.082855,3000.0041,Bitget,DOGE/USDT,2022-11-11T19:21:05.176Z,0.000191,20,0.08264
0.083056,24511.2592,0.082854,8849.1301,Bitget,DOGE/USDT,2022-11-11T19:21:05.176Z,0.000202,20,0.082883
0.083057,14028.3396,0.08285,3000.0048,Bitget,DOGE/USDT,2022-11-11T19:21:05.176Z,0.000207,20,0.082879
0.083058,5597.7372,0.082849,3000.004,Bitget,DOGE/USDT,2022-11-11T19:21:05.176Z,0.000209,20,0.082856
0.083063,442790.6773,0.082848,3000.0009,Bitget,DOGE/USDT,2022-11-11T19:21:05.176Z,0.000215,20,0.082856
0.083066,15633.813,0.082844,5409.504,Bitget,DOGE/USDT,2022-11-11T19:21:05.176Z,0.000222,20,0.082887
0.083072,3000.0019,0.082834,16064.9306,Bitget,DOGE/USDT,2022-11-11T19:21:05.176Z,0.000238,20,0.082879
0.082941,1654,0.082914,443,BitMart,DOGE/USDT,2022-11-11T19:21:23.012Z,2.70E-05,20,0.082271
0.082972,1326,0.082896,422,BitMart,DOGE/USDT,2022-11-11T19:21:23.012Z,7.60E-05,20,0.082246
0.082976,775,0.082874,1539,BitMart,DOGE/USDT,2022-11-11T19:21:23.012Z,0.000102,20,0.08232
0.082977,1525,0.082871,1300,BitMart,DOGE/USDT,2022-11-11T19:21:23.012Z,0.000106,20,0.082488
0.082979,615,0.082869,651,BitMart,DOGE/USDT,2022-11-11T19:21:23.012Z,0.00011,20,0.08248
0.082981,479,0.082868,1636,BitMart,DOGE/USDT,2022-11-11T19:21:23.012Z,0.000113,20,0.082269
0.082982,852,0.082866,759,BitMart,DOGE/USDT,2022-11-11T19:21:23.012Z,0.000116,20,0.082426
0.082984,952,0.082864,944,BitMart,DOGE/USDT,2022-11-11T19:21:23.012Z,0.00012,20,0.082661
0.082986,907,0.082803,122190,BitMart,DOGE/USDT,2022-11-11T19:21:23.012Z,0.000183,20,0.082612
0.082987,914,0.08276,153200,BitMart,DOGE/USDT,2022-11-11T19:21:23.012Z,0.000227,20,0.08266
0.082989,1192,0.082737,139054,BitMart,DOGE/USDT,2022-11-11T19:21:23.012Z,0.000252,20,0.082689
0.082991,933,0.082672,77915,BitMart,DOGE/USDT,2022-11-11T19:21:23.012Z,0.000319,20,0.08284
0.082992,1510,0.082643,146393,BitMart,DOGE/USDT,2022-11-11T19:21:23.012Z,0.000349,20,0.082506
0.082994,470,0.082598,155417,BitMart,DOGE/USDT,2022-11-11T19:21:23.012Z,0.000396,20,0.08259
0.082999,1175,0.082543,98549,BitMart,DOGE/USDT,2022-11-11T19:21:23.012Z,0.000456,20,0.08268
0.083011,560,0.082498,129157,BitMart,DOGE/USDT,2022-11-11T19:21:23.012Z,0.000513,20,0.082903
0.083022,126313,0.082462,64431,BitMart,DOGE/USDT,2022-11-11T19:21:23.012Z,0.00056,20,0.082982
0.083068,55421,0.082423,69510,BitMart,DOGE/USDT,2022-11-11T19:21:23.012Z,0.000645,20,0.082871
0.083117,71298,0.082364,173159,BitMart,DOGE/USDT,2022-11-11T19:21:23.012Z,0.000753,20,0.08294
0.083169,119650,0.082294,85715,BitMart,DOGE/USDT,2022-11-11T19:21:23.012Z,0.000875,20,0.082939
0.082873,200,0.082852,1320.98,Gate.io,DOGE/USDT,2022-11-11T19:21:32.601Z,2.10E-05,20,0.082186
0.082874,84.89,0.082851,200,Gate.io,DOGE/USDT,2022-11-11T19:21:32.601Z,2.30E-05,20,0.082222
0.082959,2038.16,0.08285,43.12,Gate.io,DOGE/USDT,2022-11-11T19:21:32.601Z,0.000109,20,0.082431
0.08297,9511.07,0.082827,2038.16,Gate.io,DOGE/USDT,2022-11-11T19:21:32.601Z,0.000143,20,0.082391
0.082987,182.5,0.082825,1990.35,Gate.io,DOGE/USDT,2022-11-11T19:21:32.601Z,0.000162,20,0.082242
0.082988,4728.87,0.082816,12074.97,Gate.io,DOGE/USDT,2022-11-11T19:21:32.601Z,0.000172,20,0.082382
0.082994,5994.32,0.08278,6068.18,Gate.io,DOGE/USDT,2022-11-11T19:21:32.601Z,0.000214,20,0.08259
0.083005,448.76,0.08274,4681.25,Gate.io,DOGE/USDT,2022-11-11T19:21:32.601Z,0.000265,20,0.08252
0.083006,620183.59,0.082739,930.86,Gate.io,DOGE/USDT,2022-11-11T19:21:32.601Z,0.000267,20,0.082583
0.083017,28269.67,0.082723,1742.71,Gate.io,DOGE/USDT,2022-11-11T19:21:32.601Z,0.000294,20,0.082812
0.08302,195344.17,0.082709,6023.86,Gate.io,DOGE/USDT,2022-11-11T19:21:32.601Z,0.000311,20,0.082581
0.083046,6069.67,0.082695,6393.19,Gate.io,DOGE/USDT,2022-11-11T19:21:32.601Z,0.000351,20,0.082414
0.083047,404429.13,0.082692,1804.84,Gate.io,DOGE/USDT,2022-11-11T19:21:32.601Z,0.000355,20,0.08248
0.083064,24145.84,0.082687,1402.98,Gate.io,DOGE/USDT,2022-11-11T19:21:32.601Z,0.000377,20,0.082655
0.083071,3.23,0.082685,448.76,Gate.io,DOGE/USDT,2022-11-11T19:21:32.601Z,0.000386,20,0.082866
0.083088,5942.75,0.082684,620183.59,Gate.io,DOGE/USDT,2022-11-11T19:21:32.601Z,0.000404,20,0.08285
0.083096,674.08,0.082677,1538.76,Gate.io,DOGE/USDT,2022-11-11T19:21:32.601Z,0.000419,20,0.082874
0.083104,10000,0.082673,195344.17,Gate.io,DOGE/USDT,2022-11-11T19:21:32.601Z,0.000431,20,0.082874
0.083106,80.2,0.082642,12100.39,Gate.io,DOGE/USDT,2022-11-11T19:21:32.601Z,0.000464,20,0.082922
0.083115,12.37,0.082636,24161.01,Gate.io,DOGE/USDT,2022-11-11T19:21:32.601Z,0.000479,20,0.082839
0.082896,3000.005,0.082796,3000.0048,Bitget,DOGE/USDT,2022-11-11T19:21:45.746Z,0.0001,20,0.082245
0.082898,3000.0003,0.082794,3000.0026,Bitget,DOGE/USDT,2022-11-11T19:21:45.746Z,0.000104,20,0.08229
0.0829,3000.0049,0.082792,3000.0018,Bitget,DOGE/USDT,2022-11-11T19:21:45.746Z,0.000108,20,0.082426
0.082902,3000.0013,0.08279,3000.0026,Bitget,DOGE/USDT,2022-11-11T19:21:45.746Z,0.000112,20,0.082435
0.082904,3000.0018,0.082788,3000.0049,Bitget,DOGE/USDT,2022-11-11T19:21:45.746Z,0.000116,20,0.082254
0.082906,3000.0037,0.082786,3000.0021,Bitget,DOGE/USDT,2022-11-11T19:21:45.746Z,0.00012,20,0.082419
0.082916,3000.0029,0.082785,30890.2473,Bitget,DOGE/USDT,2022-11-11T19:21:45.746Z,0.000131,20,0.08263
0.082926,22623.3925,0.082784,3000.0041,Bitget,DOGE/USDT,2022-11-11T19:21:45.746Z,0.000142,20,0.08257
0.082936,10271.5055,0.082783,34189.2045,Bitget,DOGE/USDT,2022-11-11T19:21:45.746Z,0.000153,20,0.082582
0.08294,5597.7372,0.082782,3102.7293,Bitget,DOGE/USDT,2022-11-11T19:21:45.746Z,0.000158,20,0.082836
0.082946,21719.5654,0.08278,3000.0033,Bitget,DOGE/USDT,2022-11-11T19:21:45.746Z,0.000166,20,0.082597
0.08295,3000.0044,0.082776,3000.002,Bitget,DOGE/USDT,2022-11-11T19:21:45.746Z,0.000174,20,0.082469
0.082956,42836.4214,0.082774,28704.0684,Bitget,DOGE/USDT,2022-11-11T19:21:45.746Z,0.000182,20,0.082499
0.082958,3000.0024,0.082772,3000.0032,Bitget,DOGE/USDT,2022-11-11T19:21:45.746Z,0.000186,20,0.08264
0.082959,19208.9106,0.082764,3878.4638,Bitget,DOGE/USDT,2022-11-11T19:21:45.746Z,0.000195,20,0.082883
0.082964,478454.4605,0.082763,3000.0027,Bitget,DOGE/USDT,2022-11-11T19:21:45.746Z,0.000201,20,0.082879
0.082966,35117.2277,0.082754,14189.5735,Bitget,DOGE/USDT,2022-11-11T19:21:45.746Z,0.000212,20,0.082856
0.082971,3000.0032,0.082744,104492.4098,Bitget,DOGE/USDT,2022-11-11T19:21:45.746Z,0.000227,20,0.082856
0.082976,53555.8676,0.082734,20917.9689,Bitget,DOGE/USDT,2022-11-11T19:21:45.746Z,0.000242,20,0.082887
0.082985,127617.7617,0.082728,469675.4795,Bitget,DOGE/USDT,2022-11-11T19:21:45.746Z,0.000257,20,0.082818
0.082896,1636,0.082854,1387,BitMart,DOGE/USDT,2022-11-11T19:21:59.909Z,4.20E-05,20,0.082246
0.082897,618,0.082853,773,BitMart,DOGE/USDT,2022-11-11T19:21:59.909Z,4.40E-05,20,0.08232
0.082899,1331,0.082851,1121,BitMart,DOGE/USDT,2022-11-11T19:21:59.909Z,4.80E-05,20,0.082488
0.082901,1442,0.082849,1222,BitMart,DOGE/USDT,2022-11-11T19:21:59.909Z,5.20E-05,20,0.08248
0.082902,1610,0.082848,738,BitMart,DOGE/USDT,2022-11-11T19:21:59.909Z,5.40E-05,20,0.082269
0.082904,775,0.082846,456,BitMart,DOGE/USDT,2022-11-11T19:21:59.909Z,5.80E-05,20,0.082426
0.082906,1431,0.082844,1255,BitMart,DOGE/USDT,2022-11-11T19:21:59.909Z,6.20E-05,20,0.082661
0.082907,691,0.082843,1328,BitMart,DOGE/USDT,2022-11-11T19:21:59.909Z,6.40E-05,20,0.082612
0.082909,841,0.082841,1349,BitMart,DOGE/USDT,2022-11-11T19:21:59.909Z,6.80E-05,20,0.08266
0.082911,1311,0.082839,644,BitMart,DOGE/USDT,2022-11-11T19:21:59.909Z,7.20E-05,20,0.082689
0.082912,599,0.082838,1337,BitMart,DOGE/USDT,2022-11-11T19:21:59.909Z,7.40E-05,20,0.08284
0.082914,821,0.082836,793,BitMart,DOGE/USDT,2022-11-11T19:21:59.909Z,7.80E-05,20,0.082506
0.082916,1065,0.082834,863,BitMart,DOGE/USDT,2022-11-11T19:21:59.909Z,8.20E-05,20,0.08259
0.082917,1118,0.082833,1645,BitMart,DOGE/USDT,2022-11-11T19:21:59.909Z,8.40E-05,20,0.08268
0.082919,1441,0.082831,1536,BitMart,DOGE/USDT,2022-11-11T19:21:59.909Z,8.80E-05,20,0.082903
0.082921,985,0.082829,1666,BitMart,DOGE/USDT,2022-11-11T19:21:59.909Z,9.20E-05,20,0.082982
0.082922,763,0.082828,809,BitMart,DOGE/USDT,2022-11-11T19:21:59.909Z,9.40E-05,20,0.082871
0.082924,1426,0.082826,1174,BitMart,DOGE/USDT,2022-11-11T19:21:59.909Z,9.80E-05,20,0.08294
0.082926,396,0.082824,1298,BitMart,DOGE/USDT,2022-11-11T19:21:59.909Z,0.000102,20,0.082939
0.082927,1401,0.082823,1348,BitMart,DOGE/USDT,2022-11-11T19:21:59.909Z,0.000104,20,0.082871
0.082898,43.1,0.082874,84.9,Gate.io,DOGE/USDT,2022-11-11T19:22:11.170Z,2.40E-05,20,0.082222
0.08293,4983.41,0.08287,1275.89,Gate.io,DOGE/USDT,2022-11-11T19:22:11.170Z,6.00E-05,20,0.082431
0.082972,404429.13,0.082869,1275.89,Gate.io,DOGE/USDT,2022-11-11T19:22:11.170Z,0.000103,20,0.082391
0.08298,932.6,0.082868,1275.89,Gate.io,DOGE/USDT,2022-11-11T19:22:11.170Z,0.000112,20,0.082242
0.082994,5994.32,0.082867,1275.89,Gate.io,DOGE/USDT,2022-11-11T19:22:11.170Z,0.000127,20,0.082382
0.083005,448.76,0.082866,1275.89,Gate.io,DOGE/USDT,2022-11-11T19:22:11.170Z,0.000139,20,0.08259
0.083006,620183.59,0.082865,1275.89,Gate.io,DOGE/USDT,2022-11-11T19:22:11.170Z,0.000141,20,0.08252
0.083011,195344.17,0.082864,1275.89,Gate.io,DOGE/USDT,2022-11-11T19:22:11.170Z,0.000147,20,0.082583
0.083033,28269.67,0.082863,1275.89,Gate.io,DOGE/USDT,2022-11-11T19:22:11.170Z,0.00017,20,0.082812
0.08304,12544.31,0.082862,1275.89,Gate.io,DOGE/USDT,2022-11-11T19:22:11.170Z,0.000178,20,0.082581
0.083046,6069.67,0.082861,1275.89,Gate.io,DOGE/USDT,2022-11-11T19:22:11.170Z,0.000185,20,0.082414
0.083071,3.23,0.08286,2038.16,Gate.io,DOGE/USDT,2022-11-11T19:22:11.170Z,0.000211,20,0.08248
0.083084,24140.01,0.082858,1275.89,Gate.io,DOGE/USDT,2022-11-11T19:22:11.170Z,0.000226,20,0.082655
0.083104,10000,0.082857,1275.89,Gate.io,DOGE/USDT,2022-11-11T19:22:11.170Z,0.000247,20,0.082866
0.083106,80.2,0.082856,1275.89,Gate.io,DOGE/USDT,2022-11-11T19:22:11.170Z,0.00025,20,0.08285
0.083115,12.37,0.082855,1275.89,Gate.io,DOGE/USDT,2022-11-11T19:22:11.170Z,0.00026,20,0.082874
0.083128,12047.47,0.082844,1991.28,Gate.io,DOGE/USDT,2022-11-11T19:22:11.170Z,0.000284,20,0.082874
0.083135,1130.56,0.08282,7437.99,Gate.io,DOGE/USDT,2022-11-11T19:22:11.170Z,0.000315,20,0.082922
0.083136,2502.48,0.082817,11,Gate.io,DOGE/USDT,2022-11-11T19:22:11.170Z,0.000319,20,0.082839
0.083181,2390379.58,0.082816,12074.97,Gate.io,DOGE/USDT,2022-11-11T19:22:11.170Z,0.000365,20,0.082874
0.082926,3000.0047,0.082832,3000.0009,Bitget,DOGE/USDT,2022-11-11T19:22:22.737Z,9.40E-05,20,0.08229
0.082928,3000.0034,0.08283,3000.0013,Bitget,DOGE/USDT,2022-11-11T19:22:22.737Z,9.80E-05,20,0.082426
0.08293,3000.0027,0.082828,3000.0042,Bitget,DOGE/USDT,2022-11-11T19:22:22.737Z,0.000102,20,0.082435
0.082932,3000.0012,0.082826,3000.0007,Bitget,DOGE/USDT,2022-11-11T19:22:22.737Z,0.000106,20,0.082254
0.082934,3000.0019,0.082824,3000.0036,Bitget,DOGE/USDT,2022-11-11T19:22:22.737Z,0.00011,20,0.082419
0.082936,3099.607,0.082822,3785.8693,Bitget,DOGE/USDT,2022-11-11T19:22:22.737Z,0.000114,20,0.08263
0.082946,23710.7942,0.082808,3000.0012,Bitget,DOGE/USDT,2022-11-11T19:22:22.737Z,0.000138,20,0.08257
0.082956,11118.2051,0.082807,3000.0025,Bitget,DOGE/USDT,2022-11-11T19:22:22.737Z,0.000149,20,0.082582
0.082965,3000.0027,0.082804,3000.0028,Bitget,DOGE/USDT,2022-11-11T19:22:22.737Z,0.000161,20,0.082836
0.082966,25800.1721,0.082802,3000.0003,Bitget,DOGE/USDT,2022-11-11T19:22:22.737Z,0.000164,20,0.082597
0.082968,3000.0016,0.082801,3000.0015,Bitget,DOGE/USDT,2022-11-11T19:22:22.737Z,0.000167,20,0.082469
0.082973,3000.0038,0.082794,22757.328,Bitget,DOGE/USDT,2022-11-11T19:22:22.737Z,0.000179,20,0.082499
0.082976,40625.8128,0.082784,12226.302,Bitget,DOGE/USDT,2022-11-11T19:22:22.737Z,0.000192,20,0.08264
0.082979,3000.0032,0.082775,3000.0013,Bitget,DOGE/USDT,2022-11-11T19:22:22.737Z,0.000204,20,0.082883
0.082981,3000.0048,0.082774,10870.4902,Bitget,DOGE/USDT,2022-11-11T19:22:22.737Z,0.000207,20,0.082879
0.082986,32010.5907,0.082771,5597.7372,Bitget,DOGE/USDT,2022-11-11T19:22:22.737Z,0.000215,20,0.082856
0.082989,14029.0227,0.082764,6578.2732,Bitget,DOGE/USDT,2022-11-11T19:22:22.737Z,0.000225,20,0.082856
0.08299,3960,0.082761,495792.4824,Bitget,DOGE/USDT,2022-11-11T19:22:22.737Z,0.000229,20,0.082887
0.082996,78441.7152,0.082754,6604.9919,Bitget,DOGE/USDT,2022-11-11T19:22:22.737Z,0.000242,20,0.082818
0.082997,460692.1296,0.082744,11197.6158,Bitget,DOGE/USDT,2022-11-11T19:22:22.737Z,0.000253,20,0.082833
0.082907,1576,0.082864,1433,BitMart,DOGE/USDT,2022-11-11T19:22:34.801Z,4.30E-05,20,0.08232
0.082911,792,0.082863,1029,BitMart,DOGE/USDT,2022-11-11T19:22:34.801Z,4.80E-05,20,0.082488
0.082912,430,0.082861,949,BitMart,DOGE/USDT,2022-11-11T19:22:34.801Z,5.10E-05,20,0.08248
0.082914,743,0.082859,442,BitMart,DOGE/USDT,2022-11-11T19:22:34.801Z,5.50E-05,20,0.082269
0.082916,1234,0.082858,917,BitMart,DOGE/USDT,2022-11-11T19:22:34.801Z,5.80E-05,20,0.082426
0.082917,630,0.082856,1706,BitMart,DOGE/USDT,2022-11-11T19:22:34.801Z,6.10E-05,20,0.082661
0.082919,1234,0.082854,442,BitMart,DOGE/USDT,2022-11-11T19:22:34.801Z,6.50E-05,20,0.082612
0.082921,918,0.082853,1167,BitMart,DOGE/USDT,2022-11-11T19:22:34.801Z,6.80E-05,20,0.08266
0.082922,1567,0.082851,1563,BitMart,DOGE/USDT,2022-11-11T19:22:34.801Z,7.10E-05,20,0.082689
0.082924,1037,0.082849,1145,BitMart,DOGE/USDT,2022-11-11T19:22:34.801Z,7.50E-05,20,0.08284
0.082926,525,0.082848,1313,BitMart,DOGE/USDT,2022-11-11T19:22:34.801Z,7.80E-05,20,0.082506
0.082927,1067,0.082846,1279,BitMart,DOGE/USDT,2022-11-11T19:22:34.801Z,8.10E-05,20,0.08259
0.082929,1177,0.082844,1448,BitMart,DOGE/USDT,2022-11-11T19:22:34.801Z,8.50E-05,20,0.08268
0.082931,698,0.082843,1646,BitMart,DOGE/USDT,2022-11-11T19:22:34.801Z,8.80E-05,20,0.082903
0.082932,798,0.082841,811,BitMart,DOGE/USDT,2022-11-11T19:22:34.801Z,9.10E-05,20,0.082982
0.082934,881,0.082839,749,BitMart,DOGE/USDT,2022-11-11T19:22:34.801Z,9.50E-05,20,0.082871
0.082936,1216,0.082838,894,BitMart,DOGE/USDT,2022-11-11T19:22:34.801Z,9.80E-05,20,0.08294
0.082937,1001,0.082836,1025,BitMart,DOGE/USDT,2022-11-11T19:22:34.801Z,0.000101,20,0.082939
0.082939,1280,0.082834,1531,BitMart,DOGE/USDT,2022-11-11T19:22:34.801Z,0.000105,20,0.082871
0.082941,562,0.082831,1576,BitMart,DOGE/USDT,2022-11-11T19:22:34.801Z,0.00011,20,0.082871
0.082898,84.87,0.082874,43.1,Gate.io,DOGE/USDT,2022-11-11T19:22:45.571Z,2.40E-05,20,0.082222
0.082918,2242.23,0.082844,11,Gate.io,DOGE/USDT,2022-11-11T19:22:45.571Z,7.40E-05,20,0.082431
0.082919,37332.92,0.082831,2242.23,Gate.io,DOGE/USDT,2022-11-11T19:22:45.571Z,8.80E-05,20,0.082391
0.08292,200,0.082816,11860.87,Gate.io,DOGE/USDT,2022-11-11T19:22:45.571Z,0.000104,20,0.082242
0.082955,5992.98,0.082806,1990.85,Gate.io,DOGE/USDT,2022-11-11T19:22:45.571Z,0.000149,20,0.082382
0.082961,195344.17,0.08278,6053.02,Gate.io,DOGE/USDT,2022-11-11T19:22:45.571Z,0.000181,20,0.08259
0.082978,30512.84,0.082755,1546.32,Gate.io,DOGE/USDT,2022-11-11T19:22:45.571Z,0.000223,20,0.08252
0.082995,404429.13,0.082745,195344.17,Gate.io,DOGE/USDT,2022-11-11T19:22:45.571Z,0.00025,20,0.082583
0.082996,17925.37,0.082739,930.86,Gate.io,DOGE/USDT,2022-11-11T19:22:45.571Z,0.000257,20,0.082812
0.083004,6038.57,0.082723,6588.86,Gate.io,DOGE/USDT,2022-11-11T19:22:45.571Z,0.000281,20,0.082581
0.083015,448.76,0.082722,2459.48,Gate.io,DOGE/USDT,2022-11-11T19:22:45.571Z,0.000293,20,0.082414
0.083016,620183.59,0.082709,404429.13,Gate.io,DOGE/USDT,2022-11-11T19:22:45.571Z,0.000307,20,0.08248
0.083017,28269.67,0.082704,1081.46,Gate.io,DOGE/USDT,2022-11-11T19:22:45.571Z,0.000313,20,0.082655
0.08304,21572.27,0.082685,448.76,Gate.io,DOGE/USDT,2022-11-11T19:22:45.571Z,0.000355,20,0.082866
0.083044,24151.67,0.082684,623917.71,Gate.io,DOGE/USDT,2022-11-11T19:22:45.571Z,0.00036,20,0.08285
0.083046,6111.28,0.082683,4461.54,Gate.io,DOGE/USDT,2022-11-11T19:22:45.571Z,0.000363,20,0.082874
0.083071,3.23,0.082674,1402.18,Gate.io,DOGE/USDT,2022-11-11T19:22:45.571Z,0.000397,20,0.082874
0.083072,24148.76,0.082666,1538.32,Gate.io,DOGE/USDT,2022-11-11T19:22:45.571Z,0.000406,20,0.082922
0.083106,80.2,0.08266,24154.59,Gate.io,DOGE/USDT,2022-11-11T19:22:45.571Z,0.000446,20,0.082839
0.083115,12.37,0.082642,12100.39,Gate.io,DOGE/USDT,2022-11-11T19:22:45.571Z,0.000473,20,0.082816
0.082916,3000.0048,0.082814,3000.0023,Bitget,DOGE/USDT,2022-11-11T19:22:57.826Z,0.000102,20,0.08229
0.082918,3000.0035,0.082812,3000.0025,Bitget,DOGE/USDT,2022-11-11T19:22:57.826Z,0.000106,20,0.082426
0.08292,3000.0022,0.08281,3000.0039,Bitget,DOGE/USDT,2022-11-11T19:22:57.826Z,0.00011,20,0.082435
0.082922,3000.0011,0.082808,3000.0005,Bitget,DOGE/USDT,2022-11-11T19:22:57.826Z,0.000114,20,0.082254
0.082924,3000.0023,0.082806,3000.0045,Bitget,DOGE/USDT,2022-11-11T19:22:57.826Z,0.000118,20,0.082419
0.082926,4252.1283,0.082804,3000.0025,Bitget,DOGE/USDT,2022-11-11T19:22:57.826Z,0.000122,20,0.08263
0.082936,24492.9087,0.082794,3000.0031,Bitget,DOGE/USDT,2022-11-11T19:22:57.826Z,0.000142,20,0.08257
0.082946,63820.2834,0.082786,3000.004,Bitget,DOGE/USDT,2022-11-11T19:22:57.826Z,0.00016,20,0.082582
0.082947,3000.0016,0.082784,20570.319,Bitget,DOGE/USDT,2022-11-11T19:22:57.826Z,0.000163,20,0.082836
0.082948,3000.0032,0.082781,3000.0016,Bitget,DOGE/USDT,2022-11-11T19:22:57.826Z,0.000167,20,0.082597
0.082949,3000.0034,0.082776,3000.002,Bitget,DOGE/USDT,2022-11-11T19:22:57.826Z,0.000173,20,0.082469
0.08295,3000.0036,0.082774,7976.8755,Bitget,DOGE/USDT,2022-11-11T19:22:57.826Z,0.000176,20,0.082499
0.082956,52942.1362,0.082771,3000.0016,Bitget,DOGE/USDT,2022-11-11T19:22:57.826Z,0.000185,20,0.08264
0.082966,159924.4769,0.08277,3000.0044,Bitget,DOGE/USDT,2022-11-11T19:22:57.826Z,0.000196,20,0.082883
0.082969,3960,0.082769,3000.0006,Bitget,DOGE/USDT,2022-11-11T19:22:57.826Z,0.0002,20,0.082879
0.082976,37085.9111,0.082764,13177.7859,Bitget,DOGE/USDT,2022-11-11T19:22:57.826Z,0.000212,20,0.082856
0.082983,511464.5066,0.08276,5597.7372,Bitget,DOGE/USDT,2022-11-11T19:22:57.826Z,0.000223,20,0.082856
0.082984,69987.6342,0.082754,3174.2643,Bitget,DOGE/USDT,2022-11-11T19:22:57.826Z,0.00023,20,0.082887
0.082986,37762.1404,0.082747,443214.1474,Bitget,DOGE/USDT,2022-11-11T19:22:57.826Z,0.000239,20,0.082818
0.082996,38558.2234,0.082744,17424.4352,Bitget,DOGE/USDT,2022-11-11T19:22:57.826Z,0.000252,20,0.082824
0.082946,405,0.082904,703,BitMart,DOGE/USDT,2022-11-11T19:23:11.592Z,4.20E-05,20,0.082488
0.082947,701,0.082903,811,BitMart,DOGE/USDT,2022-11-11T19:23:11.592Z,4.40E-05,20,0.08248
0.082949,1270,0.082901,1527,BitMart,DOGE/USDT,2022-11-11T19:23:11.592Z,4.80E-05,20,0.082269
0.082951,1514,0.082899,661,BitMart,DOGE/USDT,2022-11-11T19:23:11.592Z,5.20E-05,20,0.082426
0.082952,1011,0.082898,1182,BitMart,DOGE/USDT,2022-11-11T19:23:11.592Z,5.40E-05,20,0.082661
0.082954,1657,0.082896,1147,BitMart,DOGE/USDT,2022-11-11T19:23:11.592Z,5.80E-05,20,0.082612
0.082956,1301,0.082894,1569,BitMart,DOGE/USDT,2022-11-11T19:23:11.592Z,6.20E-05,20,0.08266
0.082957,832,0.082893,770,BitMart,DOGE/USDT,2022-11-11T19:23:11.592Z,6.40E-05,20,0.082689
0.082959,1260,0.082891,1057,BitMart,DOGE/USDT,2022-11-11T19:23:11.592Z,6.80E-05,20,0.08284
0.082961,1695,0.082888,1488,BitMart,DOGE/USDT,2022-11-11T19:23:11.592Z,7.30E-05,20,0.082506
0.082962,1074,0.082884,794,BitMart,DOGE/USDT,2022-11-11T19:23:11.592Z,7.80E-05,20,0.08259
0.082964,523,0.082883,1403,BitMart,DOGE/USDT,2022-11-11T19:23:11.592Z,8.10E-05,20,0.08268
0.082966,1038,0.082881,503,BitMart,DOGE/USDT,2022-11-11T19:23:11.592Z,8.50E-05,20,0.082903
0.082967,1016,0.082879,1657,BitMart,DOGE/USDT,2022-11-11T19:23:11.592Z,8.80E-05,20,0.082982
0.082969,850,0.082878,589,BitMart,DOGE/USDT,2022-11-11T19:23:11.592Z,9.10E-05,20,0.082871
0.082971,477,0.082876,1397,BitMart,DOGE/USDT,2022-11-11T19:23:11.592Z,9.50E-05,20,0.08294
0.082972,1545,0.082874,401,BitMart,DOGE/USDT,2022-11-11T19:23:11.592Z,9.80E-05,20,0.082939
0.082974,562,0.082873,1467,BitMart,DOGE/USDT,2022-11-11T19:23:11.592Z,0.000101,20,0.082871
0.082976,1008,0.082871,1504,BitMart,DOGE/USDT,2022-11-11T19:23:11.592Z,0.000105,20,0.082871
0.082977,1699,0.082869,1393,BitMart,DOGE/USDT,2022-11-11T19:23:11.592Z,0.000108,20,0.082871
0.082946,84.83,0.082924,1275.89,Gate.io,DOGE/USDT,2022-11-11T19:23:22.888Z,2.20E-05,20,0.082431
0.083028,2242.23,0.082923,1275.89,Gate.io,DOGE/USDT,2022-11-11T19:23:22.888Z,0.000105,20,0.082391
0.083039,6080.97,0.082922,43.07,Gate.io,DOGE/USDT,2022-11-11T19:23:22.888Z,0.000117,20,0.082242
0.083071,3.23,0.082907,2242.23,Gate.io,DOGE/USDT,2022-11-11T19:23:22.888Z,0.000164,20,0.082382
0.083072,418043.2,0.082896,1989.13,Gate.io,DOGE/USDT,2022-11-11T19:23:22.888Z,0.000176,20,0.08259
0.083076,195344.17,0.082849,8459.35,Gate.io,DOGE/USDT,2022-11-11T19:23:22.888Z,0.000227,20,0.08252
0.083086,28269.67,0.082844,11,Gate.io,DOGE/USDT,2022-11-11T19:23:22.888Z,0.000242,20,0.082583
0.08309,13339.44,0.082819,195344.17,Gate.io,DOGE/USDT,2022-11-11T19:23:22.888Z,0.000271,20,0.082812
0.083098,448.76,0.082816,11860.87,Gate.io,DOGE/USDT,2022-11-11T19:23:22.888Z,0.000282,20,0.082581
0.083099,620183.59,0.0828,497.54,Gate.io,DOGE/USDT,2022-11-11T19:23:22.888Z,0.000299,20,0.082414
0.0831,866.64,0.082792,2456.52,Gate.io,DOGE/USDT,2022-11-11T19:23:22.888Z,0.000308,20,0.08248
0.083104,16997.54,0.082787,1803.25,Gate.io,DOGE/USDT,2022-11-11T19:23:22.888Z,0.000317,20,0.082655
0.083106,80.2,0.082786,6387.53,Gate.io,DOGE/USDT,2022-11-11T19:23:22.888Z,0.00032,20,0.082866
0.083115,12.37,0.082785,1080.81,Gate.io,DOGE/USDT,2022-11-11T19:23:22.888Z,0.00033,20,0.08285
0.083125,12261.57,0.082784,6184.29,Gate.io,DOGE/USDT,2022-11-11T19:23:22.888Z,0.000341,20,0.082874
0.083136,24125.45,0.082778,1401.73,Gate.io,DOGE/USDT,2022-11-11T19:23:22.888Z,0.000358,20,0.082874
0.083137,5937.56,0.082769,1537.4,Gate.io,DOGE/USDT,2022-11-11T19:23:22.888Z,0.000368,20,0.082922
0.083152,24125.45,0.082744,2029.76,Gate.io,DOGE/USDT,2022-11-11T19:23:22.888Z,0.000408,20,0.082839
0.083188,12.34,0.082739,930.86,Gate.io,DOGE/USDT,2022-11-11T19:23:22.888Z,0.000449,20,0.082816
0.083202,13.46,0.082736,24131.86,Gate.io,DOGE/USDT,2022-11-11T19:23:22.888Z,0.000466,20,0.082874
0.083036,3000.0007,0.08294,3000.0043,Bitget,DOGE/USDT,2022-11-11T19:23:34.583Z,9.60E-05,20,0.082426
0.083038,3000.0032,0.082938,3000.0033,Bitget,DOGE/USDT,2022-11-11T19:23:34.583Z,0.0001,20,0.082435
0.08304,3000.0006,0.082936,3000.0003,Bitget,DOGE/USDT,2022-11-11T19:23:34.583Z,0.000104,20,0.082254
0.083042,3000.0037,0.082934,3000.0013,Bitget,DOGE/USDT,2022-11-11T19:23:34.583Z,0.000108,20,0.082419
0.083044,3000.0027,0.082932,3000.0024,Bitget,DOGE/USDT,2022-11-11T19:23:34.583Z,0.000112,20,0.08263
0.083046,3000.0022,0.08293,3000.0014,Bitget,DOGE/USDT,2022-11-11T19:23:34.583Z,0.000116,20,0.08257
0.083056,8821.296,0.082928,3000.0014,Bitget,DOGE/USDT,2022-11-11T19:23:34.583Z,0.000128,20,0.082582
0.083066,6736.851,0.082926,3000.0024,Bitget,DOGE/USDT,2022-11-11T19:23:34.583Z,0.00014,20,0.082836
0.083076,20181.8105,0.082924,3000.001,Bitget,DOGE/USDT,2022-11-11T19:23:34.583Z,0.000152,20,0.082597
0.083086,17039.7864,0.082919,5597.7372,Bitget,DOGE/USDT,2022-11-11T19:23:34.583Z,0.000167,20,0.082469
0.083092,3000.0008,0.082914,9529.2518,Bitget,DOGE/USDT,2022-11-11T19:23:34.583Z,0.000178,20,0.082499
0.083096,29636.2206,0.082911,3000.0042,Bitget,DOGE/USDT,2022-11-11T19:23:34.583Z,0.000185,20,0.08264
0.083101,3000.0008,0.082905,3000.0014,Bitget,DOGE/USDT,2022-11-11T19:23:34.583Z,0.000196,20,0.082883
0.083102,3000.0008,0.082904,54295.3905,Bitget,DOGE/USDT,2022-11-11T19:23:34.583Z,0.000198,20,0.082879
0.083103,14935.8924,0.082894,5561.4109,Bitget,DOGE/USDT,2022-11-11T19:23:34.583Z,0.000209,20,0.082856
0.083106,475630.1139,0.082884,50051.5482,Bitget,DOGE/USDT,2022-11-11T19:23:34.583Z,0.000222,20,0.082856
0.083108,3000.003,0.082881,3000.0043,Bitget,DOGE/USDT,2022-11-11T19:23:34.583Z,0.000227,20,0.082887
0.083116,16178.6218,0.08288,3000.0037,Bitget,DOGE/USDT,2022-11-11T19:23:34.583Z,0.000236,20,0.082818
0.083119,3960,0.082874,36206.2189,Bitget,DOGE/USDT,2022-11-11T19:23:34.583Z,0.000245,20,0.082824
0.08312,14447.1195,0.08287,521420.9818,Bitget,DOGE/USDT,2022-11-11T19:23:34.583Z,0.00025,20,0.082882
0.082939,1152,0.082883,1531,BitMart,DOGE/USDT,2022-11-11T19:23:48.064Z,5.60E-05,20,0.082488
0.082957,1194,0.082881,610,BitMart,DOGE/USDT,2022-11-11T19:23:48.064Z,7.60E-05,20,0.08248
0.082962,1639,0.082879,1228,BitMart,DOGE/USDT,2022-11-11T19:23:48.064Z,8.30E-05,20,0.082269
0.082982,513,0.082876,905,BitMart,DOGE/USDT,2022-11-11T19:23:48.064Z,0.000106,20,0.082426
0.082984,803,0.082874,530,BitMart,DOGE/USDT,2022-11-11T19:23:48.064Z,0.00011,20,0.082661
0.082986,1358,0.082868,629,BitMart,DOGE/USDT,2022-11-11T19:23:48.064Z,0.000118,20,0.082612
0.082987,659,0.082866,1141,BitMart,DOGE/USDT,2022-11-11T19:23:48.064Z,0.000121,20,0.08266
0.082989,441,0.082864,613,BitMart,DOGE/USDT,2022-11-11T19:23:48.064Z,0.000125,20,0.082689
0.082991,1148,0.082858,1004,BitMart,DOGE/USDT,2022-11-11T19:23:48.064Z,0.000133,20,0.08284
0.082992,1208,0.082856,1679,BitMart,DOGE/USDT,2022-11-11T19:23:48.064Z,0.000136,20,0.082506
0.082994,914,0.082854,732,BitMart,DOGE/USDT,2022-11-11T19:23:48.064Z,0.00014,20,0.08259
0.082996,687,0.082849,1621,BitMart,DOGE/USDT,2022-11-11T19:23:48.064Z,0.000147,20,0.08268
0.082997,413,0.082743,106562,BitMart,DOGE/USDT,2022-11-11T19:23:48.064Z,0.000254,20,0.082903
0.082999,1243,0.0827,117228,BitMart,DOGE/USDT,2022-11-11T19:23:48.064Z,0.000299,20,0.082982
0.083001,654,0.082672,77915,BitMart,DOGE/USDT,2022-11-11T19:23:48.064Z,0.000329,20,0.082871
0.083002,1021,0.082643,146393,BitMart,DOGE/USDT,2022-11-11T19:23:48.064Z,0.000359,20,0.08294
0.083004,1391,0.082598,155417,BitMart,DOGE/USDT,2022-11-11T19:23:48.064Z,0.000406,20,0.082939
0.083006,1525,0.082543,98549,BitMart,DOGE/USDT,2022-11-11T19:23:48.064Z,0.000463,20,0.082871
0.083047,122894,0.082498,129157,BitMart,DOGE/USDT,2022-11-11T19:23:48.064Z,0.000549,20,0.082871
0.083048,118872,0.082462,64431,BitMart,DOGE/USDT,2022-11-11T19:23:48.064Z,0.000586,20,0.082871
0.082922,84.86,0.082898,43.09,Gate.io,DOGE/USDT,2022-11-11T19:23:58.101Z,2.40E-05,20,0.082431
0.082976,2242.23,0.082843,2242.23,Gate.io,DOGE/USDT,2022-11-11T19:23:58.101Z,0.000133,20,0.082391
0.08298,20211.02,0.082837,1990.05,Gate.io,DOGE/USDT,2022-11-11T19:23:58.101Z,0.000143,20,0.082242
0.082988,6181.73,0.082816,11860.87,Gate.io,DOGE/USDT,2022-11-11T19:23:58.101Z,0.000172,20,0.082382
0.083013,195344.17,0.0828,497.54,Gate.io,DOGE/USDT,2022-11-11T19:23:58.101Z,0.000213,20,0.08259
0.083026,28269.67,0.08279,5131.23,Gate.io,DOGE/USDT,2022-11-11T19:23:58.101Z,0.000236,20,0.08252
0.08304,16961.16,0.082751,195344.17,Gate.io,DOGE/USDT,2022-11-11T19:23:58.101Z,0.000289,20,0.082583
0.083046,5893.14,0.082743,2457.09,Gate.io,DOGE/USDT,2022-11-11T19:23:58.101Z,0.000303,20,0.082812
0.083064,24145.84,0.082739,930.86,Gate.io,DOGE/USDT,2022-11-11T19:23:58.101Z,0.000325,20,0.082581
0.083066,404429.13,0.082733,2513.44,Gate.io,DOGE/USDT,2022-11-11T19:23:58.101Z,0.000333,20,0.082414
0.083071,3.23,0.082723,661.1,Gate.io,DOGE/USDT,2022-11-11T19:23:58.101Z,0.000348,20,0.08248
0.083093,577.76,0.082722,1080.98,Gate.io,DOGE/USDT,2022-11-11T19:23:58.101Z,0.000371,20,0.082655
0.083094,5946.06,0.082717,404429.13,Gate.io,DOGE/USDT,2022-11-11T19:23:58.101Z,0.000377,20,0.082866
0.083098,448.76,0.082702,8193.02,Gate.io,DOGE/USDT,2022-11-11T19:23:58.101Z,0.000396,20,0.08285
0.083099,620183.59,0.082693,1402.16,Gate.io,DOGE/USDT,2022-11-11T19:23:58.101Z,0.000406,20,0.082874
0.083106,80.2,0.082691,6071.71,Gate.io,DOGE/USDT,2022-11-11T19:23:58.101Z,0.000415,20,0.082874
0.083115,12.37,0.082686,10000,Gate.io,DOGE/USDT,2022-11-11T19:23:58.101Z,0.000429,20,0.082922
0.083125,12261.57,0.082684,1537.87,Gate.io,DOGE/USDT,2022-11-11T19:23:58.101Z,0.000441,20,0.082839
0.083144,10000,0.082677,448.76,Gate.io,DOGE/USDT,2022-11-11T19:23:58.101Z,0.000467,20,0.082816
0.083179,36066.79,0.082676,620183.59,Gate.io,DOGE/USDT,2022-11-11T19:23:58.101Z,0.000503,20,0.082874
0.082866,3000.0038,0.082764,3000.0017,Bitget,DOGE/USDT,2022-11-11T19:24:11.049Z,0.000102,20,0.082435
0.082868,3000.0041,0.082762,3000.0029,Bitget,DOGE/USDT,2022-11-11T19:24:11.049Z,0.000106,20,0.082254
0.08287,3000.0035,0.08276,3000.0034,Bitget,DOGE/USDT,2022-11-11T19:24:11.049Z,0.00011,20,0.082419
0.082872,3000.0036,0.082758,3000.0004,Bitget,DOGE/USDT,2022-11-11T19:24:11.049Z,0.000114,20,0.08263
0.082874,3929.4978,0.082756,6272.7417,Bitget,DOGE/USDT,2022-11-11T19:24:11.049Z,0.000118,20,0.08257
0.082876,10340.7837,0.082754,16507.215,Bitget,DOGE/USDT,2022-11-11T19:24:11.049Z,0.000122,20,0.082582
0.082886,3120.4924,0.082744,13510.4337,Bitget,DOGE/USDT,2022-11-11T19:24:11.049Z,0.000142,20,0.082836
0.082896,21617.3532,0.082742,3000.0022,Bitget,DOGE/USDT,2022-11-11T19:24:11.049Z,0.000154,20,0.082597
0.082898,3000.0038,0.082741,3000.0022,Bitget,DOGE/USDT,2022-11-11T19:24:11.049Z,0.000157,20,0.082469
0.082899,3000.0031,0.08274,3000.0046,Bitget,DOGE/USDT,2022-11-11T19:24:11.049Z,0.000159,20,0.082499
0.082902,3000.0049,0.082739,3000.0008,Bitget,DOGE/USDT,2022-11-11T19:24:11.049Z,0.000163,20,0.08264
0.082903,3000.0032,0.082734,4986.7002,Bitget,DOGE/USDT,2022-11-11T19:24:11.049Z,0.000169,20,0.082883
0.082906,58885.4201,0.082728,103369.0878,Bitget,DOGE/USDT,2022-11-11T19:24:11.049Z,0.000178,20,0.082879
0.08291,3000.0023,0.082726,25049.8017,Bitget,DOGE/USDT,2022-11-11T19:24:11.049Z,0.000184,20,0.082856
0.082912,3000.0036,0.082724,31584.5217,Bitget,DOGE/USDT,2022-11-11T19:24:11.049Z,0.000188,20,0.082856
0.082916,58158.89,0.082716,3000.0025,Bitget,DOGE/USDT,2022-11-11T19:24:11.049Z,0.0002,20,0.082887
0.082917,3000.0015,0.082714,6866.9714,Bitget,DOGE/USDT,2022-11-11T19:24:11.049Z,0.000203,20,0.082818
0.082918,3000.0048,0.082709,5597.7372,Bitget,DOGE/USDT,2022-11-11T19:24:11.049Z,0.000209,20,0.082824
0.082926,24354.1188,0.082704,6641.6853,Bitget,DOGE/USDT,2022-11-11T19:24:11.049Z,0.000222,20,0.082882
0.082929,14029.3593,0.082697,443472.3667,Bitget,DOGE/USDT,2022-11-11T19:24:11.049Z,0.000232,20,0.082795
0.082731,272,0.082669,1300,BitMart,DOGE/USDT,2022-11-11T19:24:23.966Z,6.20E-05,20,0.08248
0.082737,1365,0.082663,791,BitMart,DOGE/USDT,2022-11-11T19:24:23.966Z,7.40E-05,20,0.082269
0.08274,953,0.082661,1251,BitMart,DOGE/USDT,2022-11-11T19:24:23.966Z,7.90E-05,20,0.082426
0.082742,1306,0.082659,515,BitMart,DOGE/USDT,2022-11-11T19:24:23.966Z,8.30E-05,20,0.082661
0.082744,1548,0.082654,770,BitMart,DOGE/USDT,2022-11-11T19:24:23.966Z,9.00E-05,20,0.082612
0.082746,1420,0.082649,1693,BitMart,DOGE/USDT,2022-11-11T19:24:23.966Z,9.70E-05,20,0.08266
0.08275,1114,0.082648,656,BitMart,DOGE/USDT,2022-11-11T19:24:23.966Z,0.000102,20,0.082689
0.082754,914,0.082646,436,BitMart,DOGE/USDT,2022-11-11T19:24:23.966Z,0.000108,20,0.08284
0.082757,1564,0.082638,1034,BitMart,DOGE/USDT,2022-11-11T19:24:23.966Z,0.000119,20,0.082506
0.082759,976,0.082636,1018,BitMart,DOGE/USDT,2022-11-11T19:24:23.966Z,0.000123,20,0.08259
0.082762,1720,0.08263,1569,BitMart,DOGE/USDT,2022-11-11T19:24:23.966Z,0.000132,20,0.08268
0.082764,742,0.082598,155417,BitMart,DOGE/USDT,2022-11-11T19:24:23.966Z,0.000166,20,0.082903
0.082767,1504,0.082543,98549,BitMart,DOGE/USDT,2022-11-11T19:24:23.966Z,0.000224,20,0.082982
0.082769,1587,0.082498,129157,BitMart,DOGE/USDT,2022-11-11T19:24:23.966Z,0.000271,20,0.082871
0.082812,105359,0.082462,64431,BitMart,DOGE/USDT,2022-11-11T19:24:23.966Z,0.00035,20,0.08294
0.082816,1164,0.082423,69510,BitMart,DOGE/USDT,2022-11-11T19:24:23.966Z,0.000393,20,0.082939
0.082817,1636,0.082364,173159,BitMart,DOGE/USDT,2022-11-11T19:24:23.966Z,0.000453,20,0.082871
0.082819,1504,0.082294,85715,BitMart,DOGE/USDT,2022-11-11T19:24:23.966Z,0.000525,20,0.082871
0.082821,875,0.082234,132054,BitMart,DOGE/USDT,2022-11-11T19:24:23.966Z,0.000587,20,0.082871
0.082822,1692,0.082188,147568,BitMart,DOGE/USDT,2022-11-11T19:24:23.966Z,0.000634,20,0.08291
0.082754,43.27,0.08273,85.07,Gate.io,DOGE/USDT,2022-11-11T19:24:33.984Z,2.40E-05,20,0.082391
0.082778,15000,0.082704,2242.23,Gate.io,DOGE/USDT,2022-11-11T19:24:33.984Z,7.40E-05,20,0.082242
0.08281,17553.09,0.082693,1275.89,Gate.io,DOGE/USDT,2022-11-11T19:24:33.984Z,0.000117,20,0.082382
0.082838,5913.76,0.082684,1275.89,Gate.io,DOGE/USDT,2022-11-11T19:24:33.984Z,0.000154,20,0.08259
0.082848,200,0.082683,1275.89,Gate.io,DOGE/USDT,2022-11-11T19:24:33.984Z,0.000165,20,0.08252
0.082854,195344.17,0.08268,1994.56,Gate.io,DOGE/USDT,2022-11-11T19:24:33.984Z,0.000174,20,0.082583
0.082856,11227.62,0.082642,12100.39,Gate.io,DOGE/USDT,2022-11-11T19:24:33.984Z,0.000214,20,0.082812
0.082884,5986.69,0.08264,4391.55,Gate.io,DOGE/USDT,2022-11-11T19:24:33.984Z,0.000244,20,0.082581
0.082889,28269.67,0.082632,195344.17,Gate.io,DOGE/USDT,2022-11-11T19:24:33.984Z,0.000257,20,0.082414
0.082895,404429.13,0.082609,2129.92,Gate.io,DOGE/USDT,2022-11-11T19:24:33.984Z,0.000286,20,0.08248
0.082912,14043.5,0.082595,2463.23,Gate.io,DOGE/USDT,2022-11-11T19:24:33.984Z,0.000317,20,0.082655
0.082935,5915.3,0.082588,6178.97,Gate.io,DOGE/USDT,2022-11-11T19:24:33.984Z,0.000347,20,0.082866
0.082944,24189.65,0.082586,348.24,Gate.io,DOGE/USDT,2022-11-11T19:24:33.984Z,0.000358,20,0.08285
0.082969,964.4,0.082574,1083.33,Gate.io,DOGE/USDT,2022-11-11T19:24:33.984Z,0.000395,20,0.082874
0.082984,5441.58,0.082572,1807.46,Gate.io,DOGE/USDT,2022-11-11T19:24:33.984Z,0.000412,20,0.082874
0.082995,1130.56,0.08257,6402.47,Gate.io,DOGE/USDT,2022-11-11T19:24:33.984Z,0.000425,20,0.082922
0.083002,448.76,0.082564,1405.01,Gate.io,DOGE/USDT,2022-11-11T19:24:33.984Z,0.000438,20,0.082839
0.083003,620183.59,0.082562,404877.89,Gate.io,DOGE/USDT,2022-11-11T19:24:33.984Z,0.000441,20,0.082816
0.083004,10000,0.082561,620183.59,Gate.io,DOGE/USDT,2022-11-11T19:24:33.984Z,0.000443,20,0.082874
0.083033,32129,0.082554,1540.99,Gate.io,DOGE/USDT,2022-11-11T19:24:33.984Z,0.000479,20,0.082706
0.082786,3000.0012,0.082674,3000.002,Bitget,DOGE/USDT,2022-11-11T19:24:47.062Z,0.000112,20,0.082435
0.082788,3000.0041,0.082672,3000.0021,Bitget,DOGE/USDT,2022-11-11T19:24:47.062Z,0.000116,20,0.082254
0.08279,3000.0021,0.08267,3000.0002,Bitget,DOGE/USDT,2022-11-11T19:24:47.062Z,0.00012,20,0.082419
0.082792,3000.0047,0.082668,3000.0042,Bitget,DOGE/USDT,2022-11-11T19:24:47.062Z,0.000124,20,0.08263
0.082794,3000.0016,0.082666,3000.0024,Bitget,DOGE/USDT,2022-11-11T19:24:47.062Z,0.000128,20,0.08257
0.082796,3000.0032,0.082664,3000.0019,Bitget,DOGE/USDT,2022-11-11T19:24:47.062Z,0.000132,20,0.082582
0.082806,5419.1797,0.082659,3000.003,Bitget,DOGE/USDT,2022-11-11T19:24:47.062Z,0.000147,20,0.082836
0.082816,99308.2887,0.082658,3000.0048,Bitget,DOGE/USDT,2022-11-11T19:24:47.062Z,0.000158,20,0.082597
0.082824,3000.0028,0.082655,3000.0022,Bitget,DOGE/USDT,2022-11-11T19:24:47.062Z,0.000169,20,0.082469
0.082826,9589.8878,0.082654,3516.5295,Bitget,DOGE/USDT,2022-11-11T19:24:47.062Z,0.000172,20,0.082499
0.082827,76728.1581,0.082649,3000.0035,Bitget,DOGE/USDT,2022-11-11T19:24:47.062Z,0.000178,20,0.08264
0.082836,19243.439,0.082645,3000.0037,Bitget,DOGE/USDT,2022-11-11T19:24:47.062Z,0.000191,20,0.082883
0.082838,3960,0.082644,20479.6845,Bitget,DOGE/USDT,2022-11-11T19:24:47.062Z,0.000194,20,0.082879
0.082842,14935.8924,0.082642,3000.0019,Bitget,DOGE/USDT,2022-11-11T19:24:47.062Z,0.0002,20,0.082856
0.082846,14898.3671,0.082639,3000.001,Bitget,DOGE/USDT,2022-11-11T19:24:47.062Z,0.000207,20,0.082856
0.082848,494705.3309,0.082634,4838.3699,Bitget,DOGE/USDT,2022-11-11T19:24:47.062Z,0.000214,20,0.082887
0.082849,15635.1195,0.082632,3000.0017,Bitget,DOGE/USDT,2022-11-11T19:24:47.062Z,0.000217,20,0.082818
0.082853,5597.7372,0.082631,3000.0025,Bitget,DOGE/USDT,2022-11-11T19:24:47.062Z,0.000222,20,0.082824
0.082856,87921.9183,0.082627,3000.004,Bitget,DOGE/USDT,2022-11-11T19:24:47.062Z,0.000229,20,0.082882
0.082866,66232.6771,0.082626,3960,Bitget,DOGE/USDT,2022-11-11T19:24:47.062Z,0.00024,20,0.082675
0.082761,1138,0.082719,939,BitMart,DOGE/USDT,2022-11-11T19:24:59.713Z,4.20E-05,20,0.08248
0.082762,1561,0.082718,1112,BitMart,DOGE/USDT,2022-11-11T19:24:59.713Z,4.40E-05,20,0.082269
0.082764,817,0.082716,1328,BitMart,DOGE/USDT,2022-11-11T19:24:59.713Z,4.80E-05,20,0.082426
0.082766,1491,0.082714,1413,BitMart,DOGE/USDT,2022-11-11T19:24:59.713Z,5.20E-05,20,0.082661
0.082767,1392,0.082713,1071,BitMart,DOGE/USDT,2022-11-11T19:24:59.713Z,5.40E-05,20,0.082612
0.082769,662,0.082711,1041,BitMart,DOGE/USDT,2022-11-11T19:24:59.713Z,5.80E-05,20,0.08266
0.082771,965,0.082709,1741,BitMart,DOGE/USDT,2022-11-11T19:24:59.713Z,6.20E-05,20,0.082689
0.082772,1438,0.082708,625,BitMart,DOGE/USDT,2022-11-11T19:24:59.713Z,6.40E-05,20,0.08284
0.082774,1033,0.082706,1017,BitMart,DOGE/USDT,2022-11-11T19:24:59.713Z,6.80E-05,20,0.082506
0.082775,1736,0.082704,578,BitMart,DOGE/USDT,2022-11-11T19:24:59.713Z,7.10E-05,20,0.08259
0.082777,526,0.082703,1016,BitMart,DOGE/USDT,2022-11-11T19:24:59.713Z,7.40E-05,20,0.08268
0.082779,719,0.082701,958,BitMart,DOGE/USDT,2022-11-11T19:24:59.713Z,7.80E-05,20,0.082903
0.08278,1418,0.082699,449,BitMart,DOGE/USDT,2022-11-11T19:24:59.713Z,8.10E-05,20,0.082982
0.082782,1556,0.082698,1215,BitMart,DOGE/USDT,2022-11-11T19:24:59.713Z,8.40E-05,20,0.082871
0.082784,1157,0.082696,951,BitMart,DOGE/USDT,2022-11-11T19:24:59.713Z,8.80E-05,20,0.08294
0.082786,1716,0.082694,1327,BitMart,DOGE/USDT,2022-11-11T19:24:59.713Z,9.20E-05,20,0.082939
0.082787,892,0.082693,764,BitMart,DOGE/USDT,2022-11-11T19:24:59.713Z,9.40E-05,20,0.082871
0.082789,819,0.082691,1076,BitMart,DOGE/USDT,2022-11-11T19:24:59.713Z,9.80E-05,20,0.082871
0.08279,1597,0.082689,1565,BitMart,DOGE/USDT,2022-11-11T19:24:59.713Z,0.000101,20,0.082871
0.082792,1538,0.082688,553,BitMart,DOGE/USDT,2022-11-11T19:24:59.713Z,0.000104,20,0.082719
0.08275,1275.89,0.08273,85.06,Gate.io,DOGE/USDT,2022-11-11T19:25:10.730Z,2.00E-05,20,0.082242
0.082754,15756.81,0.082704,11,Gate.io,DOGE/USDT,2022-11-11T19:25:10.730Z,5.00E-05,20,0.082382
0.08283,6618.77,0.082695,2242.23,Gate.io,DOGE/USDT,2022-11-11T19:25:10.730Z,0.000135,20,0.08259
0.082848,734.2,0.082684,1275.89,Gate.io,DOGE/USDT,2022-11-11T19:25:10.730Z,0.000164,20,0.08252
0.082859,195344.17,0.082683,1275.89,Gate.io,DOGE/USDT,2022-11-11T19:25:10.730Z,0.000176,20,0.082583
0.08286,14333.64,0.082676,1993.91,Gate.io,DOGE/USDT,2022-11-11T19:25:10.730Z,0.000184,20,0.082812
0.08287,28269.67,0.08265,3678.41,Gate.io,DOGE/USDT,2022-11-11T19:25:10.730Z,0.00022,20,0.082581
0.082884,5986.69,0.082642,12100.39,Gate.io,DOGE/USDT,2022-11-11T19:25:10.730Z,0.000242,20,0.082414
0.082895,404429.13,0.082641,677.44,Gate.io,DOGE/USDT,2022-11-11T19:25:10.730Z,0.000254,20,0.08248
0.08291,448.76,0.082633,195344.17,Gate.io,DOGE/USDT,2022-11-11T19:25:10.730Z,0.000277,20,0.082655
0.082911,620183.59,0.082588,6178.97,Gate.io,DOGE/USDT,2022-11-11T19:25:10.730Z,0.000323,20,0.082866
0.082912,11921.47,0.082586,348.24,Gate.io,DOGE/USDT,2022-11-11T19:25:10.730Z,0.000326,20,0.08285
0.082924,24186.72,0.082584,2462.98,Gate.io,DOGE/USDT,2022-11-11T19:25:10.730Z,0.00034,20,0.082874
0.082935,5915.3,0.082562,448.76,Gate.io,DOGE/USDT,2022-11-11T19:25:10.730Z,0.000373,20,0.082874
0.082944,24189.65,0.082561,620183.59,Gate.io,DOGE/USDT,2022-11-11T19:25:10.730Z,0.000383,20,0.082922
0.082984,5441.58,0.082555,1083.35,Gate.io,DOGE/USDT,2022-11-11T19:25:10.730Z,0.000429,20,0.082839
0.082992,2024.8,0.08255,404429.13,Gate.io,DOGE/USDT,2022-11-11T19:25:10.730Z,0.000442,20,0.082816
0.083003,1130.56,0.082546,1807.49,Gate.io,DOGE/USDT,2022-11-11T19:25:10.730Z,0.000457,20,0.082874
0.083004,10000,0.082545,6402.5,Gate.io,DOGE/USDT,2022-11-11T19:25:10.730Z,0.000459,20,0.082706
0.08304,36290.18,0.082538,1405.02,Gate.io,DOGE/USDT,2022-11-11T19:25:10.730Z,0.000502,20,0.08273
0.082726,3000.0035,0.082624,3000.0028,Bitget,DOGE/USDT,2022-11-11T19:25:22.939Z,0.000102,20,0.082254
0.082728,3000.0037,0.082622,3000.004,Bitget,DOGE/USDT,2022-11-11T19:25:22.939Z,0.000106,20,0.082419
0.08273,3000.0012,0.08262,3000.0029,Bitget,DOGE/USDT,2022-11-11T19:25:22.939Z,0.00011,20,0.08263
0.082732,3000.0028,0.082618,3000.0036,Bitget,DOGE/USDT,2022-11-11T19:25:22.939Z,0.000114,20,0.08257
0.082734,3000.0042,0.082616,3000.0023,Bitget,DOGE/USDT,2022-11-11T19:25:22.939Z,0.000118,20,0.082582
0.082736,3000.0003,0.082614,3000.0038,Bitget,DOGE/USDT,2022-11-11T19:25:22.939Z,0.000122,20,0.082836
0.082746,4034.25,0.082604,3000.0022,Bitget,DOGE/USDT,2022-11-11T19:25:22.939Z,0.000142,20,0.082597
0.082747,3000.0041,0.082599,6106.2408,Bitget,DOGE/USDT,2022-11-11T19:25:22.939Z,0.000148,20,0.082469
0.08275,3000.0049,0.082594,22003.0011,Bitget,DOGE/USDT,2022-11-11T19:25:22.939Z,0.000156,20,0.082499
0.082752,3000.0007,0.082587,3000.0015,Bitget,DOGE/USDT,2022-11-11T19:25:22.939Z,0.000165,20,0.08264
0.082754,3000.0008,0.082586,3000.0015,Bitget,DOGE/USDT,2022-11-11T19:25:22.939Z,0.000168,20,0.082883
0.082756,4231.9822,0.082584,15761.0842,Bitget,DOGE/USDT,2022-11-11T19:25:22.939Z,0.000172,20,0.082879
0.082765,3000.0022,0.08258,3000.0039,Bitget,DOGE/USDT,2022-11-11T19:25:22.939Z,0.000185,20,0.082856
0.082766,40509.9192,0.082574,34213.7221,Bitget,DOGE/USDT,2022-11-11T19:25:22.939Z,0.000192,20,0.082856
0.082774,3000.0034,0.082564,14500.8924,Bitget,DOGE/USDT,2022-11-11T19:25:22.939Z,0.00021,20,0.082887
0.082776,10225.8313,0.082558,3960,Bitget,DOGE/USDT,2022-11-11T19:25:22.939Z,0.000218,20,0.082818
0.082777,15635.1195,0.082557,523375.9951,Bitget,DOGE/USDT,2022-11-11T19:25:22.939Z,0.00022,20,0.082824
0.082782,15055.8606,0.082554,70637.8261,Bitget,DOGE/USDT,2022-11-11T19:25:22.939Z,0.000228,20,0.082882
0.082784,14052.0897,0.082544,50879.1173,Bitget,DOGE/USDT,2022-11-11T19:25:22.939Z,0.00024,20,0.082675
0.082785,5597.7372,0.082534,359218.2951,Bitget,DOGE/USDT,2022-11-11T19:25:22.939Z,0.000251,20,0.082671
0.082651,1380,0.082609,793,BitMart,DOGE/USDT,2022-11-11T19:25:34.574Z,4.20E-05,20,0.08248
0.082652,418,0.082608,387,BitMart,DOGE/USDT,2022-11-11T19:25:34.574Z,4.40E-05,20,0.082269
0.082654,732,0.082606,628,BitMart,DOGE/USDT,2022-11-11T19:25:34.574Z,4.80E-05,20,0.082426
0.082657,573,0.082604,940,BitMart,DOGE/USDT,2022-11-11T19:25:34.574Z,5.30E-05,20,0.082661
0.082659,1372,0.082603,458,BitMart,DOGE/USDT,2022-11-11T19:25:34.574Z,5.60E-05,20,0.082612
0.082661,1550,0.082601,1500,BitMart,DOGE/USDT,2022-11-11T19:25:34.574Z,6.00E-05,20,0.08266
0.082662,1513,0.082599,464,BitMart,DOGE/USDT,2022-11-11T19:25:34.574Z,6.30E-05,20,0.082689
0.082665,581,0.082598,1700,BitMart,DOGE/USDT,2022-11-11T19:25:34.574Z,6.70E-05,20,0.08284
0.082667,1122,0.082596,1496,BitMart,DOGE/USDT,2022-11-11T19:25:34.574Z,7.10E-05,20,0.082506
0.082669,1071,0.082594,1231,BitMart,DOGE/USDT,2022-11-11T19:25:34.574Z,7.50E-05,20,0.08259
0.08267,600,0.082593,992,BitMart,DOGE/USDT,2022-11-11T19:25:34.574Z,7.70E-05,20,0.08268
0.082672,1131,0.082591,475,BitMart,DOGE/USDT,2022-11-11T19:25:34.574Z,8.10E-05,20,0.082903
0.082674,749,0.08259,1721,BitMart,DOGE/USDT,2022-11-11T19:25:34.574Z,8.40E-05,20,0.082982
0.082675,692,0.082589,724,BitMart,DOGE/USDT,2022-11-11T19:25:34.574Z,8.60E-05,20,0.082871
0.082677,1706,0.082588,629,BitMart,DOGE/USDT,2022-11-11T19:25:34.574Z,8.90E-05,20,0.08294
0.082679,1268,0.082586,1599,BitMart,DOGE/USDT,2022-11-11T19:25:34.574Z,9.30E-05,20,0.082939
0.082682,1385,0.082585,1643,BitMart,DOGE/USDT,2022-11-11T19:25:34.574Z,9.70E-05,20,0.082871
0.082684,869,0.082583,1220,BitMart,DOGE/USDT,2022-11-11T19:25:34.574Z,0.000101,20,0.082871
0.082685,1384,0.082581,1327,BitMart,DOGE/USDT,2022-11-11T19:25:34.574Z,0.000104,20,0.082871
0.082687,1087,0.08258,1529,BitMart,DOGE/USDT,2022-11-11T19:25:34.574Z,0.000107,20,0.082719
0.082754,15756.82,0.082734,1275.89,Gate.io,DOGE/USDT,2022-11-11T19:25:45.649Z,2.00E-05,20,0.082242
0.0828,4879.38,0.082733,1275.89,Gate.io,DOGE/USDT,2022-11-11T19:25:45.649Z,6.70E-05,20,0.082382
0.082821,195344.17,0.082732,1275.89,Gate.io,DOGE/USDT,2022-11-11T19:25:45.649Z,8.90E-05,20,0.08259
0.082835,6177.48,0.082731,1275.89,Gate.io,DOGE/USDT,2022-11-11T19:25:45.649Z,0.000104,20,0.08252
0.082862,404429.13,0.08273,85.07,Gate.io,DOGE/USDT,2022-11-11T19:25:45.649Z,0.000132,20,0.082583
0.082903,10000,0.082711,1275.89,Gate.io,DOGE/USDT,2022-11-11T19:25:45.649Z,0.000192,20,0.082812
0.082904,23873.5,0.08271,1275.89,Gate.io,DOGE/USDT,2022-11-11T19:25:45.649Z,0.000194,20,0.082581
0.082906,28269.67,0.082708,1275.89,Gate.io,DOGE/USDT,2022-11-11T19:25:45.649Z,0.000198,20,0.082414
0.082926,448.76,0.082707,1275.89,Gate.io,DOGE/USDT,2022-11-11T19:25:45.649Z,0.000219,20,0.08248
0.082927,620183.59,0.082705,1994.18,Gate.io,DOGE/USDT,2022-11-11T19:25:45.649Z,0.000222,20,0.082655
0.082944,44929.67,0.082689,11,Gate.io,DOGE/USDT,2022-11-11T19:25:45.649Z,0.000255,20,0.082866
0.082948,36167.23,0.08268,2676.23,Gate.io,DOGE/USDT,2022-11-11T19:25:45.649Z,0.000268,20,0.08285
0.082953,36222.83,0.082628,6130.37,Gate.io,DOGE/USDT,2022-11-11T19:25:45.649Z,0.000325,20,0.082874
0.08296,24180.87,0.082622,2462.72,Gate.io,DOGE/USDT,2022-11-11T19:25:45.649Z,0.000338,20,0.082874
0.082962,2411.28,0.082613,195344.17,Gate.io,DOGE/USDT,2022-11-11T19:25:45.649Z,0.000349,20,0.082922
0.082984,5441.58,0.082593,1083.31,Gate.io,DOGE/USDT,2022-11-11T19:25:45.649Z,0.000391,20,0.082839
0.083042,1130.56,0.082587,35042.99,Gate.io,DOGE/USDT,2022-11-11T19:25:45.649Z,0.000455,20,0.082816
0.083043,1628363.62,0.082586,348.24,Gate.io,DOGE/USDT,2022-11-11T19:25:45.649Z,0.000457,20,0.082874
0.083062,661.1,0.082579,3371.49,Gate.io,DOGE/USDT,2022-11-11T19:25:45.649Z,0.000483,20,0.082706
0.083066,2384950.64,0.082577,1840.16,Gate.io,DOGE/USDT,2022-11-11T19:25:45.649Z,0.000489,20,0.082634
0.082866,3000.0009,0.082764,3000.003,Bitget,DOGE/USDT,2022-11-11T19:25:57.316Z,0.000102,20,0.082254
0.082868,3000.0017,0.082762,3000.0031,Bitget,DOGE/USDT,2022-11-11T19:25:57.316Z,0.000106,20,0.082419
0.08287,3000.0015,0.08276,3000.0007,Bitget,DOGE/USDT,2022-11-11T19:25:57.316Z,0.00011,20,0.08263
0.082872,3000.0046,0.082758,3000.0031,Bitget,DOGE/USDT,2022-11-11T19:25:57.316Z,0.000114,20,0.08257
0.082874,3000.0016,0.082756,3000.0028,Bitget,DOGE/USDT,2022-11-11T19:25:57.316Z,0.000118,20,0.082582
0.082876,3000.004,0.082754,3000.0041,Bitget,DOGE/USDT,2022-11-11T19:25:57.316Z,0.000122,20,0.082836
0.082886,12725.7848,0.082744,3000.001,Bitget,DOGE/USDT,2022-11-11T19:25:57.316Z,0.000142,20,0.082597
0.082896,3911.4451,0.082736,3000.005,Bitget,DOGE/USDT,2022-11-11T19:25:57.316Z,0.00016,20,0.082469
0.082897,3000.0024,0.082735,3000.0013,Bitget,DOGE/USDT,2022-11-11T19:25:57.316Z,0.000162,20,0.082499
0.082898,3000.0017,0.082734,3001.185,Bitget,DOGE/USDT,2022-11-11T19:25:57.316Z,0.000164,20,0.08264
0.082901,3000.0044,0.082732,3000.0049,Bitget,DOGE/USDT,2022-11-11T19:25:57.316Z,0.000169,20,0.082883
0.082904,3000.0001,0.082729,3000.0023,Bitget,DOGE/USDT,2022-11-11T19:25:57.316Z,0.000175,20,0.082879
0.082906,15968.8894,0.082727,3000.0008,Bitget,DOGE/USDT,2022-11-11T19:25:57.316Z,0.000179,20,0.082856
0.082909,3000.0024,0.082724,9179.5827,Bitget,DOGE/USDT,2022-11-11T19:25:57.316Z,0.000185,20,0.082856
0.082916,27178.067,0.082723,3000.0014,Bitget,DOGE/USDT,2022-11-11T19:25:57.316Z,0.000193,20,0.082887
0.082923,62859.4263,0.082717,3588.1263,Bitget,DOGE/USDT,2022-11-11T19:25:57.316Z,0.000206,20,0.082818
0.082926,20279.4683,0.082714,5095.2754,Bitget,DOGE/USDT,2022-11-11T19:25:57.316Z,0.000212,20,0.082824
0.082933,478639.347,0.082713,5597.7372,Bitget,DOGE/USDT,2022-11-11T19:25:57.316Z,0.00022,20,0.082882
0.082936,26666.458,0.082709,3960,Bitget,DOGE/USDT,2022-11-11T19:25:57.316Z,0.000227,20,0.082675
0.082946,93607.2763,0.082704,26668.9088,Bitget,DOGE/USDT,2022-11-11T19:25:57.316Z,0.000242,20,0.082603
0.082761,1416,0.082714,1410,BitMart,DOGE/USDT,2022-11-11T19:26:09.691Z,4.70E-05,20,0.082269
0.082762,392,0.082713,1077,BitMart,DOGE/USDT,2022-11-11T19:26:09.691Z,4.90E-05,20,0.082426
0.082764,1346,0.082711,1038,BitMart,DOGE/USDT,2022-11-11T19:26:09.691Z,5.30E-05,20,0.082661
0.082766,402,0.082709,1561,BitMart,DOGE/USDT,2022-11-11T19:26:09.691Z,5.70E-05,20,0.082612
0.082767,607,0.082708,1410,BitMart,DOGE/USDT,2022-11-11T19:26:09.691Z,5.90E-05,20,0.08266
0.082769,507,0.082706,1019,BitMart,DOGE/USDT,2022-11-11T19:26:09.691Z,6.30E-05,20,0.082689
0.082771,388,0.082704,1608,BitMart,DOGE/USDT,2022-11-11T19:26:09.691Z,6.70E-05,20,0.08284
0.082775,856,0.082703,619,BitMart,DOGE/USDT,2022-11-11T19:26:09.691Z,7.20E-05,20,0.082506
0.082777,767,0.082701,446,BitMart,DOGE/USDT,2022-11-11T19:26:09.691Z,7.60E-05,20,0.08259
0.082779,799,0.082699,652,BitMart,DOGE/USDT,2022-11-11T19:26:09.691Z,8.00E-05,20,0.08268
0.082781,647,0.082698,895,BitMart,DOGE/USDT,2022-11-11T19:26:09.691Z,8.30E-05,20,0.082903
0.082785,801,0.082696,408,BitMart,DOGE/USDT,2022-11-11T19:26:09.691Z,8.90E-05,20,0.082982
0.082842,88728,0.082694,1360,BitMart,DOGE/USDT,2022-11-11T19:26:09.691Z,0.000148,20,0.082871
0.082868,108100,0.082688,1560,BitMart,DOGE/USDT,2022-11-11T19:26:09.691Z,0.00018,20,0.08294
0.082909,158291,0.082686,1732,BitMart,DOGE/USDT,2022-11-11T19:26:09.691Z,0.000223,20,0.082939
0.082917,120118,0.082684,1640,BitMart,DOGE/USDT,2022-11-11T19:26:09.691Z,0.000233,20,0.082871
0.082967,122982,0.082683,1552,BitMart,DOGE/USDT,2022-11-11T19:26:09.691Z,0.000284,20,0.082871
0.083008,122140,0.082681,1454,BitMart,DOGE/USDT,2022-11-11T19:26:09.691Z,0.000327,20,0.082871
0.083047,122894,0.08268,585,BitMart,DOGE/USDT,2022-11-11T19:26:09.691Z,0.000367,20,0.082719
0.083048,118872,0.082678,1538,BitMart,DOGE/USDT,2022-11-11T19:26:09.691Z,0.00037,20,0.082649
0.082777,1275.89,0.082754,85.05,Gate.io,DOGE/USDT,2022-11-11T19:26:20.072Z,2.30E-05,20,0.082382
0.082778,43.25,0.082748,3518.12,Gate.io,DOGE/USDT,2022-11-11T19:26:20.072Z,3.00E-05,20,0.08259
0.082809,1275.89,0.082747,1275.89,Gate.io,DOGE/USDT,2022-11-11T19:26:20.072Z,6.20E-05,20,0.08252
0.08283,9758.73,0.082746,1275.89,Gate.io,DOGE/USDT,2022-11-11T19:26:20.072Z,8.40E-05,20,0.082583
0.082834,2242.23,0.082745,1275.89,Gate.io,DOGE/USDT,2022-11-11T19:26:20.072Z,8.90E-05,20,0.082812
0.082844,195344.17,0.082689,11,Gate.io,DOGE/USDT,2022-11-11T19:26:20.072Z,0.000155,20,0.082581
0.082873,404429.13,0.082661,5968.15,Gate.io,DOGE/USDT,2022-11-11T19:26:20.072Z,0.000212,20,0.082414
0.082908,6058.51,0.082641,2462.72,Gate.io,DOGE/USDT,2022-11-11T19:26:20.072Z,0.000267,20,0.08248
0.082917,448.76,0.082623,195344.17,Gate.io,DOGE/USDT,2022-11-11T19:26:20.072Z,0.000294,20,0.082655
0.082918,620183.59,0.082617,6072.88,Gate.io,DOGE/USDT,2022-11-11T19:26:20.072Z,0.000301,20,0.082866
0.082928,12699.42,0.08261,404429.13,Gate.io,DOGE/USDT,2022-11-11T19:26:20.072Z,0.000318,20,0.08285
0.082945,29909.67,0.082605,1097.3,Gate.io,DOGE/USDT,2022-11-11T19:26:20.072Z,0.00034,20,0.082874
0.082953,36222.83,0.082602,1807.33,Gate.io,DOGE/USDT,2022-11-11T19:26:20.072Z,0.000351,20,0.082874
0.082973,10000,0.082601,3371.27,Gate.io,DOGE/USDT,2022-11-11T19:26:20.072Z,0.000372,20,0.082922
0.082976,12753.31,0.082595,1404.9,Gate.io,DOGE/USDT,2022-11-11T19:26:20.072Z,0.000381,20,0.082839
0.082984,24169.18,0.082588,1355.76,Gate.io,DOGE/USDT,2022-11-11T19:26:20.072Z,0.000396,20,0.082816
0.083008,24169.18,0.082586,348.24,Gate.io,DOGE/USDT,2022-11-11T19:26:20.072Z,0.000422,20,0.082874
0.083021,5438.58,0.082584,1540.84,Gate.io,DOGE/USDT,2022-11-11T19:26:20.072Z,0.000437,20,0.082706
0.083028,36132.38,0.08258,24177.07,Gate.io,DOGE/USDT,2022-11-11T19:26:20.072Z,0.000448,20,0.082634
0.083062,661.1,0.08257,6108.82,Gate.io,DOGE/USDT,2022-11-11T19:26:20.072Z,0.000492,20,0.082706
0.082796,3000.0032,0.082694,3000.0027,Bitget,DOGE/USDT,2022-11-11T19:26:32.970Z,0.000102,20,0.082419
0.082798,3000.003,0.082692,3000.0021,Bitget,DOGE/USDT,2022-11-11T19:26:32.970Z,0.000106,20,0.08263
0.0828,3000.0048,0.08269,3000.0027,Bitget,DOGE/USDT,2022-11-11T19:26:32.970Z,0.00011,20,0.08257
0.082802,3000.0004,0.082688,3000.001,Bitget,DOGE/USDT,2022-11-11T19:26:32.970Z,0.000114,20,0.082582
0.082804,3000.0027,0.082686,3000.0008,Bitget,DOGE/USDT,2022-11-11T19:26:32.970Z,0.000118,20,0.082836
0.082806,3763.9487,0.082684,3716.9273,Bitget,DOGE/USDT,2022-11-11T19:26:32.970Z,0.000122,20,0.082597
0.082816,27654.4332,0.08268,3000.0038,Bitget,DOGE/USDT,2022-11-11T19:26:32.970Z,0.000136,20,0.082469
0.082826,12571.0452,0.082674,3000.0016,Bitget,DOGE/USDT,2022-11-11T19:26:32.970Z,0.000152,20,0.082499
0.082828,3000.002,0.082673,3000.002,Bitget,DOGE/USDT,2022-11-11T19:26:32.970Z,0.000155,20,0.08264
0.082829,3000.0038,0.082667,3000.0021,Bitget,DOGE/USDT,2022-11-11T19:26:32.970Z,0.000162,20,0.082883
0.082831,3000.001,0.082666,3000.0006,Bitget,DOGE/USDT,2022-11-11T19:26:32.970Z,0.000165,20,0.082879
0.082832,3960,0.082664,8923.2652,Bitget,DOGE/USDT,2022-11-11T19:26:32.970Z,0.000168,20,0.082856
0.082836,13811.5405,0.082663,3000,Bitget,DOGE/USDT,2022-11-11T19:26:32.970Z,0.000173,20,0.082856
0.082839,3000.0024,0.082662,3000.0031,Bitget,DOGE/USDT,2022-11-11T19:26:32.970Z,0.000177,20,0.082887
0.082842,3960,0.082654,11817.247,Bitget,DOGE/USDT,2022-11-11T19:26:32.970Z,0.000188,20,0.082818
0.082846,13123.0926,0.082644,27188.449,Bitget,DOGE/USDT,2022-11-11T19:26:32.970Z,0.000202,20,0.082824
0.082856,110212.4647,0.082634,33449.3377,Bitget,DOGE/USDT,2022-11-11T19:26:32.970Z,0.000222,20,0.082882
0.082863,479035.6003,0.082631,3960,Bitget,DOGE/USDT,2022-11-11T19:26:32.970Z,0.000232,20,0.082675
0.082866,65672.1645,0.082627,479035.6003,Bitget,DOGE/USDT,2022-11-11T19:26:32.970Z,0.000239,20,0.082603
0.082876,24372.57,0.082624,42011.4461,Bitget,DOGE/USDT,2022-11-11T19:26:32.970Z,0.000252,20,0.082706
0.082816,1043,0.082773,1135,BitMart,DOGE/USDT,2022-11-11T19:26:45.935Z,4.30E-05,20,0.082426
0.082817,811,0.082771,465,BitMart,DOGE/USDT,2022-11-11T19:26:45.935Z,4.60E-05,20,0.082661
0.082819,1221,0.082769,711,BitMart,DOGE/USDT,2022-11-11T19:26:45.935Z,5.00E-05,20,0.082612
0.08282,1481,0.082768,425,BitMart,DOGE/USDT,2022-11-11T19:26:45.935Z,5.20E-05,20,0.08266
0.082822,1563,0.082766,1189,BitMart,DOGE/USDT,2022-11-11T19:26:45.935Z,5.60E-05,20,0.082689
0.082824,785,0.082764,1536,BitMart,DOGE/USDT,2022-11-11T19:26:45.935Z,6.00E-05,20,0.08284
0.082825,980,0.082763,562,BitMart,DOGE/USDT,2022-11-11T19:26:45.935Z,6.20E-05,20,0.082506
0.082827,746,0.082761,945,BitMart,DOGE/USDT,2022-11-11T19:26:45.935Z,6.60E-05,20,0.08259
0.082829,1355,0.082759,1117,BitMart,DOGE/USDT,2022-11-11T19:26:45.935Z,7.00E-05,20,0.08268
0.082831,621,0.082758,1526,BitMart,DOGE/USDT,2022-11-11T19:26:45.935Z,7.30E-05,20,0.082903
0.082832,1413,0.082756,1211,BitMart,DOGE/USDT,2022-11-11T19:26:45.935Z,7.60E-05,20,0.082982
0.082834,671,0.082754,1514,BitMart,DOGE/USDT,2022-11-11T19:26:45.935Z,8.00E-05,20,0.082871
0.082835,1083,0.082753,1562,BitMart,DOGE/USDT,2022-11-11T19:26:45.935Z,8.20E-05,20,0.08294
0.082836,1023,0.082751,668,BitMart,DOGE/USDT,2022-11-11T19:26:45.935Z,8.50E-05,20,0.082939
0.082837,1260,0.082749,663,BitMart,DOGE/USDT,2022-11-11T19:26:45.935Z,8.80E-05,20,0.082871
0.082839,1362,0.082748,944,BitMart,DOGE/USDT,2022-11-11T19:26:45.935Z,9.10E-05,20,0.082871
0.082841,1224,0.082746,656,BitMart,DOGE/USDT,2022-11-11T19:26:45.935Z,9.50E-05,20,0.082871
0.082842,1236,0.082744,627,BitMart,DOGE/USDT,2022-11-11T19:26:45.935Z,9.80E-05,20,0.082719
0.082844,845,0.082743,1275,BitMart,DOGE/USDT,2022-11-11T19:26:45.935Z,0.000101,20,0.082649
0.082845,937,0.082741,1570,BitMart,DOGE/USDT,2022-11-11T19:26:45.935Z,0.000104,20,0.082766
0.082826,43.21,0.082822,1275.89,Gate.io,DOGE/USDT,2022-11-11T19:26:56.756Z,4.00E-06,20,0.082382
0.08289,13583.15,0.082821,1275.89,Gate.io,DOGE/USDT,2022-11-11T19:26:56.756Z,6.90E-05,20,0.08259
0.08291,195344.17,0.08282,1275.89,Gate.io,DOGE/USDT,2022-11-11T19:26:56.756Z,9.00E-05,20,0.08252
0.082917,6148.27,0.082819,1275.89,Gate.io,DOGE/USDT,2022-11-11T19:26:56.756Z,9.80E-05,20,0.082583
0.082941,1447.12,0.082818,1275.89,Gate.io,DOGE/USDT,2022-11-11T19:26:56.756Z,0.000123,20,0.082812
0.082953,36222.83,0.082817,1275.89,Gate.io,DOGE/USDT,2022-11-11T19:26:56.756Z,0.000136,20,0.082581
0.082954,404429.13,0.082816,1275.89,Gate.io,DOGE/USDT,2022-11-11T19:26:56.756Z,0.000138,20,0.082414
0.082964,43.21,0.082815,1275.89,Gate.io,DOGE/USDT,2022-11-11T19:26:56.756Z,0.000149,20,0.08248
0.082977,28269.67,0.082814,1275.89,Gate.io,DOGE/USDT,2022-11-11T19:26:56.756Z,0.000163,20,0.082655
0.082984,11312.32,0.082813,2242.23,Gate.io,DOGE/USDT,2022-11-11T19:26:56.756Z,0.000171,20,0.082866
0.082992,6155.34,0.082806,1275.89,Gate.io,DOGE/USDT,2022-11-11T19:26:56.756Z,0.000186,20,0.08285
0.083018,448.76,0.082805,1275.89,Gate.io,DOGE/USDT,2022-11-11T19:26:56.756Z,0.000213,20,0.082874
0.083019,620183.59,0.082803,1275.89,Gate.io,DOGE/USDT,2022-11-11T19:26:56.756Z,0.000216,20,0.082874
0.083021,5438.58,0.082802,1360.92,Gate.io,DOGE/USDT,2022-11-11T19:26:56.756Z,0.000219,20,0.082922
0.083024,24166.26,0.082792,1275.89,Gate.io,DOGE/USDT,2022-11-11T19:26:56.756Z,0.000232,20,0.082839
0.083028,36132.38,0.082791,1275.89,Gate.io,DOGE/USDT,2022-11-11T19:26:56.756Z,0.000237,20,0.082816
0.08304,40884.95,0.082781,1992.6,Gate.io,DOGE/USDT,2022-11-11T19:26:56.756Z,0.000259,20,0.082874
0.083062,661.1,0.08278,1888.6,Gate.io,DOGE/USDT,2022-11-11T19:26:56.756Z,0.000282,20,0.082706
0.083066,2384950.64,0.082763,200,Gate.io,DOGE/USDT,2022-11-11T19:26:56.756Z,0.000303,20,0.082634
0.083071,3.23,0.082755,11,Gate.io,DOGE/USDT,2022-11-11T19:26:56.756Z,0.000316,20,0.082706
0.082986,3000.0027,0.082884,3000.0019,Bitget,DOGE/USDT,2022-11-11T19:27:09.390Z,0.000102,20,0.08263
0.082988,3000.0006,0.082882,3000.0031,Bitget,DOGE/USDT,2022-11-11T19:27:09.390Z,0.000106,20,0.08257
0.08299,3000.0032,0.08288,3000.0045,Bitget,DOGE/USDT,2022-11-11T19:27:09.390Z,0.00011,20,0.082582
0.082992,3000.0044,0.082878,3000.0013,Bitget,DOGE/USDT,2022-11-11T19:27:09.390Z,0.000114,20,0.082836
0.082994,3000.0003,0.082876,3000.0049,Bitget,DOGE/USDT,2022-11-11T19:27:09.390Z,0.000118,20,0.082597
0.082996,3000.0012,0.082874,3000.0044,Bitget,DOGE/USDT,2022-11-11T19:27:09.390Z,0.000122,20,0.082469
0.083006,3000.0031,0.082854,3000.0048,Bitget,DOGE/USDT,2022-11-11T19:27:09.390Z,0.000152,20,0.082499
0.083016,7543.1324,0.082847,5597.7372,Bitget,DOGE/USDT,2022-11-11T19:27:09.390Z,0.000169,20,0.08264
0.083026,5637.2909,0.082844,8142.047,Bitget,DOGE/USDT,2022-11-11T19:27:09.390Z,0.000182,20,0.082883
0.083036,13510.6899,0.082834,31299.0079,Bitget,DOGE/USDT,2022-11-11T19:27:09.390Z,0.000202,20,0.082879
0.083046,64106.4465,0.08283,3000.0017,Bitget,DOGE/USDT,2022-11-11T19:27:09.390Z,0.000216,20,0.082856
0.083053,442857.417,0.082826,3583.404,Bitget,DOGE/USDT,2022-11-11T19:27:09.390Z,0.000227,20,0.082856
0.083056,29521.9587,0.082824,50621.6814,Bitget,DOGE/USDT,2022-11-11T19:27:09.390Z,0.000232,20,0.082887
0.083057,3000.0036,0.082817,460396.3245,Bitget,DOGE/USDT,2022-11-11T19:27:09.390Z,0.00024,20,0.082818
0.083066,20492.2958,0.082814,59463.7965,Bitget,DOGE/USDT,2022-11-11T19:27:09.390Z,0.000252,20,0.082824
0.083076,20215.8897,0.082804,4575.9751,Bitget,DOGE/USDT,2022-11-11T19:27:09.390Z,0.000272,20,0.082882
0.083084,3000.0026,0.082797,3000.0042,Bitget,DOGE/USDT,2022-11-11T19:27:09.390Z,0.000287,20,0.082675
0.083085,5597.7372,0.082794,17579.5099,Bitget,DOGE/USDT,2022-11-11T19:27:09.390Z,0.000291,20,0.082603
0.083086,83873.4937,0.08279,3000.0013,Bitget,DOGE/USDT,2022-11-11T19:27:09.390Z,0.000296,20,0.082706
0.083087,14708.331,0.082784,17968.251,Bitget,DOGE/USDT,2022-11-11T19:27:09.390Z,0.000303,20,0.082786
0.082981,509,0.082933,476,BitMart,DOGE/USDT,2022-11-11T19:27:22.405Z,4.80E-05,20,0.082661
0.082986,597,0.082931,1442,BitMart,DOGE/USDT,2022-11-11T19:27:22.405Z,5.50E-05,20,0.082612
0.082989,472,0.082928,1294,BitMart,DOGE/USDT,2022-11-11T19:27:22.405Z,6.10E-05,20,0.08266
0.082991,702,0.082926,1411,BitMart,DOGE/USDT,2022-11-11T19:27:22.405Z,6.50E-05,20,0.082689
0.082996,1121,0.082924,1709,BitMart,DOGE/USDT,2022-11-11T19:27:22.405Z,7.20E-05,20,0.08284
0.082997,503,0.082921,423,BitMart,DOGE/USDT,2022-11-11T19:27:22.405Z,7.60E-05,20,0.082506
0.082999,975,0.082916,1218,BitMart,DOGE/USDT,2022-11-11T19:27:22.405Z,8.30E-05,20,0.08259
0.083001,922,0.082914,1209,BitMart,DOGE/USDT,2022-11-11T19:27:22.405Z,8.70E-05,20,0.08268
0.083002,1274,0.082908,991,BitMart,DOGE/USDT,2022-11-11T19:27:22.405Z,9.40E-05,20,0.082903
0.083004,1298,0.082906,1070,BitMart,DOGE/USDT,2022-11-11T19:27:22.405Z,9.80E-05,20,0.082982
0.083006,729,0.082904,789,BitMart,DOGE/USDT,2022-11-11T19:27:22.405Z,0.000102,20,0.082871
0.083007,389,0.082903,485,BitMart,DOGE/USDT,2022-11-11T19:27:22.405Z,0.000104,20,0.08294
0.083009,1155,0.082901,894,BitMart,DOGE/USDT,2022-11-11T19:27:22.405Z,0.000108,20,0.082939
0.083011,1481,0.082898,1075,BitMart,DOGE/USDT,2022-11-11T19:27:22.405Z,0.000113,20,0.082871
0.083012,496,0.082896,472,BitMart,DOGE/USDT,2022-11-11T19:27:22.405Z,0.000116,20,0.082871
0.083014,1261,0.082894,1596,BitMart,DOGE/USDT,2022-11-11T19:27:22.405Z,0.00012,20,0.082871
0.083024,444,0.082893,1340,BitMart,DOGE/USDT,2022-11-11T19:27:22.405Z,0.000131,20,0.082719
0.083047,59872,0.082813,94756,BitMart,DOGE/USDT,2022-11-11T19:27:22.405Z,0.000234,20,0.082649
0.08309,69191,0.082783,39989,BitMart,DOGE/USDT,2022-11-11T19:27:22.405Z,0.000307,20,0.08271
0.083125,116628,0.082733,142773,BitMart,DOGE/USDT,2022-11-11T19:27:22.405Z,0.000392,20,0.08271
0.082893,1275.89,0.082874,43.17,Gate.io,DOGE/USDT,2022-11-11T19:27:31.783Z,1.90E-05,20,0.08259
0.082894,1275.89,0.082829,2242.23,Gate.io,DOGE/USDT,2022-11-11T19:27:31.783Z,6.50E-05,20,0.08252
0.082895,1275.89,0.08282,1679.23,Gate.io,DOGE/USDT,2022-11-11T19:27:31.783Z,7.50E-05,20,0.082583
0.082896,1275.89,0.082819,1990.27,Gate.io,DOGE/USDT,2022-11-11T19:27:31.783Z,7.70E-05,20,0.082812
0.082898,84.94,0.082812,195344.17,Gate.io,DOGE/USDT,2022-11-11T19:27:31.783Z,8.60E-05,20,0.082581
0.082943,2242.23,0.082784,404429.13,Gate.io,DOGE/USDT,2022-11-11T19:27:31.783Z,0.000159,20,0.082414
0.08295,16,0.082781,6170.29,Gate.io,DOGE/USDT,2022-11-11T19:27:31.783Z,0.000169,20,0.08248
0.082956,2122.08,0.082765,448.76,Gate.io,DOGE/USDT,2022-11-11T19:27:31.783Z,0.000191,20,0.082655
0.082966,195344.17,0.082764,620183.59,Gate.io,DOGE/USDT,2022-11-11T19:27:31.783Z,0.000202,20,0.082866
0.083018,5998.88,0.082763,200,Gate.io,DOGE/USDT,2022-11-11T19:27:31.783Z,0.000255,20,0.08285
0.083038,28269.67,0.082755,11,Gate.io,DOGE/USDT,2022-11-11T19:27:31.783Z,0.000283,20,0.082874
0.083055,404429.13,0.082737,2458.16,Gate.io,DOGE/USDT,2022-11-11T19:27:31.783Z,0.000318,20,0.082874
0.083062,661.1,0.082724,6069.02,Gate.io,DOGE/USDT,2022-11-11T19:27:31.783Z,0.000338,20,0.082922
0.083064,24594.6,0.082705,8193.46,Gate.io,DOGE/USDT,2022-11-11T19:27:31.783Z,0.000359,20,0.082839
0.083065,620183.59,0.082701,1081.22,Gate.io,DOGE/USDT,2022-11-11T19:27:31.783Z,0.000364,20,0.082816
0.08307,6134.87,0.082696,28998.18,Gate.io,DOGE/USDT,2022-11-11T19:27:31.783Z,0.000374,20,0.082874
0.083071,3.23,0.082686,1537.88,Gate.io,DOGE/USDT,2022-11-11T19:27:31.783Z,0.000385,20,0.082706
0.083072,11641.95,0.082676,10000,Gate.io,DOGE/USDT,2022-11-11T19:27:31.783Z,0.000396,20,0.082634
0.083088,24145.84,0.082626,2455462.58,Gate.io,DOGE/USDT,2022-11-11T19:27:31.783Z,0.000462,20,0.082706
0.083106,80.2,0.082624,24151.09,Gate.io,DOGE/USDT,2022-11-11T19:27:31.783Z,0.000482,20,0.082874
0.082816,3000.0044,0.082714,3000.0023,Bitget,DOGE/USDT,2022-11-11T19:27:45.470Z,0.000102,20,0.08263
0.082818,3000.0007,0.082712,3000.0046,Bitget,DOGE/USDT,2022-11-11T19:27:45.470Z,0.000106,20,0.08257
0.08282,3000.0041,0.08271,3000.001,Bitget,DOGE/USDT,2022-11-11T19:27:45.470Z,0.00011,20,0.082582
0.082822,3000.0014,0.082708,3000.0009,Bitget,DOGE/USDT,2022-11-11T19:27:45.470Z,0.000114,20,0.082836
0.082824,3000.003,0.082706,3000.0041,Bitget,DOGE/USDT,2022-11-11T19:27:45.470Z,0.000118,20,0.082597
0.082826,3000.0019,0.082704,3000.0015,Bitget,DOGE/USDT,2022-11-11T19:27:45.470Z,0.000122,20,0.082469
0.082827,6132.7431,0.082698,73736.6454,Bitget,DOGE/USDT,2022-11-11T19:27:45.470Z,0.000129,20,0.082499
0.082836,3450.3089,0.082697,62396.3637,Bitget,DOGE/USDT,2022-11-11T19:27:45.470Z,0.000139,20,0.08264
0.082846,3039.2043,0.082694,3000.0044,Bitget,DOGE/USDT,2022-11-11T19:27:45.470Z,0.000152,20,0.082883
0.082856,3648.6189,0.082689,5597.7372,Bitget,DOGE/USDT,2022-11-11T19:27:45.470Z,0.000167,20,0.082879
0.082864,3000.0045,0.082688,3000.0026,Bitget,DOGE/USDT,2022-11-11T19:27:45.470Z,0.000176,20,0.082856
0.082866,19292.6619,0.082685,3000.0041,Bitget,DOGE/USDT,2022-11-11T19:27:45.470Z,0.000181,20,0.082856
0.082867,3000.0021,0.082684,7602.4309,Bitget,DOGE/USDT,2022-11-11T19:27:45.470Z,0.000183,20,0.082887
0.082868,3000.0032,0.082683,3000.0011,Bitget,DOGE/USDT,2022-11-11T19:27:45.470Z,0.000185,20,0.082818
0.08287,3000.0025,0.082682,3000.001,Bitget,DOGE/USDT,2022-11-11T19:27:45.470Z,0.000188,20,0.082824
0.082873,20081.1303,0.082675,3000.0028,Bitget,DOGE/USDT,2022-11-11T19:27:45.470Z,0.000198,20,0.082882
0.082876,65786.0643,0.082674,24484.7522,Bitget,DOGE/USDT,2022-11-11T19:27:45.470Z,0.000202,20,0.082675
0.082879,3000.0039,0.082664,7523.5286,Bitget,DOGE/USDT,2022-11-11T19:27:45.470Z,0.000215,20,0.082603
0.08288,3000.0036,0.082663,127617.7617,Bitget,DOGE/USDT,2022-11-11T19:27:45.470Z,0.000217,20,0.082706
0.082883,505264.0829,0.082654,30517.7829,Bitget,DOGE/USDT,2022-11-11T19:27:45.470Z,0.000229,20,0.082731
0.082862,1675,0.082814,1222,BitMart,DOGE/USDT,2022-11-11T19:27:58.120Z,4.80E-05,20,0.082661
0.082864,604,0.082813,1466,BitMart,DOGE/USDT,2022-11-11T19:27:58.120Z,5.10E-05,20,0.082612
0.082866,1628,0.082811,977,BitMart,DOGE/USDT,2022-11-11T19:27:58.120Z,5.50E-05,20,0.08266
0.082867,1410,0.082808,1215,BitMart,DOGE/USDT,2022-11-11T19:27:58.120Z,5.90E-05,20,0.082689
0.082869,388,0.082806,1396,BitMart,DOGE/USDT,2022-11-11T19:27:58.120Z,6.30E-05,20,0.08284
0.082871,719,0.082804,1110,BitMart,DOGE/USDT,2022-11-11T19:27:58.120Z,6.70E-05,20,0.082506
0.082872,1608,0.082803,1536,BitMart,DOGE/USDT,2022-11-11T19:27:58.120Z,6.90E-05,20,0.08259
0.082874,552,0.082801,1183,BitMart,DOGE/USDT,2022-11-11T19:27:58.120Z,7.30E-05,20,0.08268
0.082876,420,0.082798,417,BitMart,DOGE/USDT,2022-11-11T19:27:58.120Z,7.80E-05,20,0.082903
0.082877,1234,0.082796,935,BitMart,DOGE/USDT,2022-11-11T19:27:58.120Z,8.10E-05,20,0.082982
0.082879,1139,0.082794,696,BitMart,DOGE/USDT,2022-11-11T19:27:58.120Z,8.50E-05,20,0.082871
0.082881,1412,0.082793,1508,BitMart,DOGE/USDT,2022-11-11T19:27:58.120Z,8.80E-05,20,0.08294
0.082887,1693,0.082791,1343,BitMart,DOGE/USDT,2022-11-11T19:27:58.120Z,9.60E-05,20,0.082939
0.082889,636,0.082789,1426,BitMart,DOGE/USDT,2022-11-11T19:27:58.120Z,0.0001,20,0.082871
0.082895,510,0.082788,656,BitMart,DOGE/USDT,2022-11-11T19:27:58.120Z,0.000107,20,0.082871
0.08296,70549,0.082786,486,BitMart,DOGE/USDT,2022-11-11T19:27:58.120Z,0.000174,20,0.082871
0.082977,72836,0.082784,680,BitMart,DOGE/USDT,2022-11-11T19:27:58.120Z,0.000193,20,0.082719
