Ask,AVolume,Bid,BVolume,Exchange,Ticker,TimeStamp,Spread,Levels,Closes
16817.81,0.02713,16816.46,0.21544,BitMart,BTC/USDT,2022-11-11T19:17:34.826Z,1.35,20,16822.65
16818.36,0.2046,16816.26,0.30398,BitMart,BTC/USDT,2022-11-11T19:17:34.826Z,2.1,20,16835.48
16819.58,0.0268,16816.16,0.1773,BitMart,BTC/USDT,2022-11-11T19:17:34.826Z,3.42,20,16819.26
16819.73,0.20869,16815.96,0.19844,BitMart,BTC/USDT,2022-11-11T19:17:34.826Z,3.77,20,16730.68
16820.13,0.17302,16815.45,0.07775,BitMart,BTC/USDT,2022-11-11T19:17:34.826Z,4.68,20,16682.55
16820.23,0.18218,16815.35,0.31964,BitMart,BTC/USDT,2022-11-11T19:17:34.826Z,4.88,20,16677.04
16820.33,0.24938,16815.25,0.13022,BitMart,BTC/USDT,2022-11-11T19:17:34.826Z,5.08,20,16723.99
16820.43,0.18118,16815.15,0.24179,BitMart,BTC/USDT,2022-11-11T19:17:34.826Z,5.28,20,16736.49
16820.48,0.23266,16815.05,0.08548,BitMart,BTC/USDT,2022-11-11T19:17:34.826Z,5.43,20,16718.23
16820.58,0.24345,16808.83,2.48822,BitMart,BTC/USDT,2022-11-11T19:17:34.826Z,11.75,20,16736.57
16820.68,0.13585,16807.95,1.77183,BitMart,BTC/USDT,2022-11-11T19:17:34.826Z,12.73,20,16775.5
16820.78,0.17384,16803.6,2.92298,BitMart,BTC/USDT,2022-11-11T19:17:34.826Z,17.18,20,16791.73
16820.88,0.08552,16800.08,1.03034,BitMart,BTC/USDT,2022-11-11T19:17:34.826Z,20.8,20,16793.95
16820.98,0.18512,16796.98,2.25863,BitMart,BTC/USDT,2022-11-11T19:17:34.826Z,24,20,16850.68
16821.99,0.1356,16793.49,1.64108,BitMart,BTC/USDT,2022-11-11T19:17:34.826Z,28.5,20,16804.27
16822.19,0.26921,16789.66,1.57083,BitMart,BTC/USDT,2022-11-11T19:17:34.826Z,32.53,20,16775.43
16822.29,0.09163,16785.26,3.88411,BitMart,BTC/USDT,2022-11-11T19:17:34.826Z,37.03,20,16777.02
16822.4,0.09468,16782.65,1.74751,BitMart,BTC/USDT,2022-11-11T19:17:34.826Z,39.75,20,16789.4
16822.49,0.13541,16780.62,1.3519,BitMart,BTC/USDT,2022-11-11T19:17:34.826Z,41.87,20,16809.34
16822.5,0.14863,16778.07,2.01182,BitMart,BTC/USDT,2022-11-11T19:17:34.826Z,44.43,20,16823.21
16819.9,0.0689,16815.6,0.0074,Gate.io,BTC/USDT,2022-11-11T19:17:48.647Z,4.3,20,16817.8
16821.3,0.0005,16815,0.0012,Gate.io,BTC/USDT,2022-11-11T19:17:48.647Z,6.3,20,16829.4
16822.1,0.002,16814.9,0.003,Gate.io,BTC/USDT,2022-11-11T19:17:48.647Z,7.2,20,16815.6
16824.7,0.0026,16814.7,0.002,Gate.io,BTC/USDT,2022-11-11T19:17:48.647Z,10,20,16723
16826.2,0.0155,16814.2,0.0032,Gate.io,BTC/USDT,2022-11-11T19:17:48.647Z,12,20,16670.3
16826.3,0.0073,16813.8,0.0001,Gate.io,BTC/USDT,2022-11-11T19:17:48.647Z,12.5,20,16671
16826.9,1.4232,16813.5,0.0165,Gate.io,BTC/USDT,2022-11-11T19:17:48.647Z,13.4,20,16717
16832.2,0.029,16812.8,0.0002,Gate.io,BTC/USDT,2022-11-11T19:17:48.647Z,19.4,20,16728.5
16832.3,0.0001,16812.6,0.01,Gate.io,BTC/USDT,2022-11-11T19:17:48.647Z,19.7,20,16710
16833.4,0.0345,16812.4,0.001,Gate.io,BTC/USDT,2022-11-11T19:17:48.647Z,21,20,16733.8
16833.5,0.0328,16811.8,0.0099,Gate.io,BTC/USDT,2022-11-11T19:17:48.647Z,21.7,20,16770.6
16835.9,2.3063,16811.4,0.02,Gate.io,BTC/USDT,2022-11-11T19:17:48.647Z,24.5,20,16785
16838.2,0.03,16811.2,0.011,Gate.io,BTC/USDT,2022-11-11T19:17:48.647Z,27,20,16787.2
16838.5,0.5938,16809.8,0.0019,Gate.io,BTC/USDT,2022-11-11T19:17:48.647Z,28.7,20,16839.6
16842.3,0.0056,16809.7,0.0041,Gate.io,BTC/USDT,2022-11-11T19:17:48.647Z,32.6,20,16794.5
16842.7,0.0118,16809.3,0.0136,Gate.io,BTC/USDT,2022-11-11T19:17:48.647Z,33.4,20,16765.3
16843.1,0.0303,16809.2,0.0041,Gate.io,BTC/USDT,2022-11-11T19:17:48.647Z,33.9,20,16767.4
16843.3,0.0534,16807.8,0.0024,Gate.io,BTC/USDT,2022-11-11T19:17:48.647Z,35.5,20,16783.4
16843.4,0.0064,16807.7,1.4231,Gate.io,BTC/USDT,2022-11-11T19:17:48.647Z,35.7,20,16801.8
16843.9,0.0324,16806.8,0.01,Gate.io,BTC/USDT,2022-11-11T19:17:48.647Z,37.1,20,16812.7
16827.6,0.4204,16824.64,0.06,Bitget,BTC/USDT,2022-11-11T19:18:03.271Z,2.96,20,16832.98
16827.66,5.9374,16823.15,0.012,Bitget,BTC/USDT,2022-11-11T19:18:03.271Z,4.51,20,16819.12
16828.03,0.0138,16823.09,0.0151,Bitget,BTC/USDT,2022-11-11T19:18:03.271Z,4.94,20,16724.04
16828.17,0.012,16822.86,0.1726,Bitget,BTC/USDT,2022-11-11T19:18:03.271Z,5.31,20,16674.42
16828.19,0.0145,16822.35,0.28,Bitget,BTC/USDT,2022-11-11T19:18:03.271Z,5.84,20,16674.42
16828.45,0.0557,16822.21,0.0186,Bitget,BTC/USDT,2022-11-11T19:18:03.271Z,6.24,20,16720.87
16828.46,0.9997,16822.19,0.012,Bitget,BTC/USDT,2022-11-11T19:18:03.271Z,6.27,20,16734.46
16828.47,0.0121,16822.04,0.0655,Bitget,BTC/USDT,2022-11-11T19:18:03.271Z,6.43,20,16717.25
16829.71,0.4529,16821.91,0.012,Bitget,BTC/USDT,2022-11-11T19:18:03.271Z,7.8,20,16736.58
16830,0.562,16821.71,0.0216,Bitget,BTC/USDT,2022-11-11T19:18:03.271Z,8.29,20,16773.61
16830.89,0.0691,16821.31,0.04,Bitget,BTC/USDT,2022-11-11T19:18:03.271Z,9.58,20,16788.96
16830.9,0.3069,16820.11,0.5791,Bitget,BTC/USDT,2022-11-11T19:18:03.271Z,10.79,20,16793.81
16830.99,0.1209,16819.91,3.48,Bitget,BTC/USDT,2022-11-11T19:18:03.271Z,11.08,20,16844.62
16831.02,1.2033,16819.81,1.1921,Bitget,BTC/USDT,2022-11-11T19:18:03.271Z,11.21,20,16801.37
16831.17,3.4758,16819.66,0.0124,Bitget,BTC/USDT,2022-11-11T19:18:03.271Z,11.51,20,16771.98
16831.29,0.12,16819.65,0.2618,Bitget,BTC/USDT,2022-11-11T19:18:03.271Z,11.64,20,16770.6
16831.38,0.672,16819.64,0.5004,Bitget,BTC/USDT,2022-11-11T19:18:03.271Z,11.74,20,16788.74
16831.55,0.0125,16819.61,0.46,Bitget,BTC/USDT,2022-11-11T19:18:03.271Z,11.94,20,16805.9
16831.8,0.8569,16819.58,2.4906,Bitget,BTC/USDT,2022-11-11T19:18:03.271Z,12.22,20,16815.11
16831.84,0.1601,16819.52,0.16,Bitget,BTC/USDT,2022-11-11T19:18:03.271Z,12.32,20,16817.95
16834.89,0.00313,16833.96,0.07305,BitMart,BTC/USDT,2022-11-11T19:18:15.117Z,0.93,20,16835.48
16834.96,0.31987,16832.06,0.18534,BitMart,BTC/USDT,2022-11-11T19:18:15.117Z,2.9,20,16819.26
16834.99,0.00405,16831.96,0.17419,BitMart,BTC/USDT,2022-11-11T19:18:15.117Z,3.03,20,16730.68
16835.02,0.00231,16831.26,0.068,BitMart,BTC/USDT,2022-11-11T19:18:15.117Z,3.76,20,16682.55
16835.16,0.13614,16831.15,0.29437,BitMart,BTC/USDT,2022-11-11T19:18:15.117Z,4.01,20,16677.04
16836.07,0.11449,16828.52,1.85285,BitMart,BTC/USDT,2022-11-11T19:18:15.117Z,7.55,20,16723.99
16836.17,0.23849,16825.03,1.82207,BitMart,BTC/USDT,2022-11-11T19:18:15.117Z,11.14,20,16736.49
16837.88,0.31845,16823.2,3.89714,BitMart,BTC/USDT,2022-11-11T19:18:15.117Z,14.68,20,16718.23
16841.57,2.19414,16820.67,1.43576,BitMart,BTC/USDT,2022-11-11T19:18:15.117Z,20.9,20,16736.57
16842.33,2.72445,16818.99,1.22078,BitMart,BTC/USDT,2022-11-11T19:18:15.117Z,23.34,20,16775.5
16844.85,1.4349,16816,0.0006,BitMart,BTC/USDT,2022-11-11T19:18:15.117Z,28.85,20,16791.73
16846.83,3.76526,16814.75,2.16256,BitMart,BTC/USDT,2022-11-11T19:18:15.117Z,32.08,20,16793.95
16850.81,1.85772,16810.57,1.28361,BitMart,BTC/USDT,2022-11-11T19:18:15.117Z,40.24,20,16850.68
16851.25,3.72599,16808.04,0.97545,BitMart,BTC/USDT,2022-11-11T19:18:15.117Z,43.21,20,16804.27
16853.78,1.43356,16807.95,1.77183,BitMart,BTC/USDT,2022-11-11T19:18:15.117Z,45.83,20,16775.43
16855.4,0.90687,16803.6,2.92298,BitMart,BTC/USDT,2022-11-11T19:18:15.117Z,51.8,20,16777.02
16859.28,1.42603,16800.08,1.03034,BitMart,BTC/USDT,2022-11-11T19:18:15.117Z,59.2,20,16789.4
16861.81,3.42102,16796.98,2.25863,BitMart,BTC/USDT,2022-11-11T19:18:15.117Z,64.83,20,16809.34
16864.34,0.95119,16793.49,1.64108,BitMart,BTC/USDT,2022-11-11T19:18:15.117Z,70.85,20,16815.31
16867.19,1.55513,16789.66,1.57083,BitMart,BTC/USDT,2022-11-11T19:18:15.117Z,77.53,20,16819.09
16834.6,0.0001,16834.5,0.0001,Gate.io,BTC/USDT,2022-11-11T19:18:26.339Z,0.1,20,16829.4
16836.8,0.001,16833.7,0.001,Gate.io,BTC/USDT,2022-11-11T19:18:26.339Z,3.1,20,16815.6
16837.2,0.001,16833.1,0.003,Gate.io,BTC/USDT,2022-11-11T19:18:26.339Z,4.1,20,16723
16837.6,0.0004,16832.1,0.024,Gate.io,BTC/USDT,2022-11-11T19:18:26.339Z,5.5,20,16670.3
16838.1,0.0004,16831.7,0.002,Gate.io,BTC/USDT,2022-11-11T19:18:26.339Z,6.4,20,16671
16838.5,0.003,16831.3,0.001,Gate.io,BTC/USDT,2022-11-11T19:18:26.339Z,7.2,20,16717
16838.6,0.002,16829.4,0.0351,Gate.io,BTC/USDT,2022-11-11T19:18:26.339Z,9.2,20,16728.5
16838.7,0.0094,16829,0.002,Gate.io,BTC/USDT,2022-11-11T19:18:26.339Z,9.7,20,16710
16840.2,0.01,16828.4,0.001,Gate.io,BTC/USDT,2022-11-11T19:18:26.339Z,11.8,20,16733.8
16841.5,0.0195,16828,0.0012,Gate.io,BTC/USDT,2022-11-11T19:18:26.339Z,13.5,20,16770.6
16842.3,0.0056,16827.7,0.0012,Gate.io,BTC/USDT,2022-11-11T19:18:26.339Z,14.6,20,16785
16842.7,0.0135,16827.6,1.4206,Gate.io,BTC/USDT,2022-11-11T19:18:26.339Z,15.1,20,16787.2
16843.9,0.0118,16825.4,0.0046,Gate.io,BTC/USDT,2022-11-11T19:18:26.339Z,18.5,20,16839.6
16844.8,0.0139,16823.3,0.0024,Gate.io,BTC/USDT,2022-11-11T19:18:26.339Z,21.5,20,16794.5
16844.9,0.0208,16822.1,0.0293,Gate.io,BTC/USDT,2022-11-11T19:18:26.339Z,22.8,20,16765.3
16845.2,1.4206,16821.9,0.0019,Gate.io,BTC/USDT,2022-11-11T19:18:26.339Z,23.3,20,16767.4
16846.1,0.0098,16821.2,0.0267,Gate.io,BTC/USDT,2022-11-11T19:18:26.339Z,24.9,20,16783.4
16849.2,0.0001,16820.7,0.174,Gate.io,BTC/USDT,2022-11-11T19:18:26.339Z,28.5,20,16801.8
16849.6,0.093,16819.8,0.0024,Gate.io,BTC/USDT,2022-11-11T19:18:26.339Z,29.8,20,16812.6
16850.6,0.0344,16817.7,0.0003,Gate.io,BTC/USDT,2022-11-11T19:18:26.339Z,32.9,20,16816.6
16828.75,0.137,16827.73,0.079,Bitget,BTC/USDT,2022-11-11T19:18:38.483Z,1.02,20,16832.98
16828.76,0.7238,16827.42,0.1794,Bitget,BTC/USDT,2022-11-11T19:18:38.483Z,1.34,20,16819.12
16828.77,0.175,16827.41,0.2346,Bitget,BTC/USDT,2022-11-11T19:18:38.483Z,1.36,20,16724.04
16828.92,0.2307,16827.25,0.3516,Bitget,BTC/USDT,2022-11-11T19:18:38.483Z,1.67,20,16674.42
16828.93,0.2076,16827.24,0.235,Bitget,BTC/USDT,2022-11-11T19:18:38.483Z,1.69,20,16674.42
16829.26,0.2352,16826.3,0.0219,Bitget,BTC/USDT,2022-11-11T19:18:38.483Z,2.96,20,16720.87
16829.27,0.1173,16826.29,0.0127,Bitget,BTC/USDT,2022-11-11T19:18:38.483Z,2.98,20,16734.46
16830.79,0.012,16826.14,0.0143,Bitget,BTC/USDT,2022-11-11T19:18:38.483Z,4.65,20,16717.25
16830.94,0.012,16825.99,0.0154,Bitget,BTC/USDT,2022-11-11T19:18:38.483Z,4.95,20,16736.58
16831.09,0.0143,16825.91,0.0122,Bitget,BTC/USDT,2022-11-11T19:18:38.483Z,5.18,20,16773.61
16831.46,0.013,16825.43,0.0425,Bitget,BTC/USDT,2022-11-11T19:18:38.483Z,6.03,20,16788.96
16831.75,0.3287,16825.42,0.1726,Bitget,BTC/USDT,2022-11-11T19:18:38.483Z,6.33,20,16793.81
16832.31,0.1273,16825.41,0.0138,Bitget,BTC/USDT,2022-11-11T19:18:38.483Z,6.9,20,16844.62
16832.32,0.0177,16825.34,0.0201,Bitget,BTC/USDT,2022-11-11T19:18:38.483Z,6.98,20,16801.37
16832.38,0.0576,16825.33,0.16,Bitget,BTC/USDT,2022-11-11T19:18:38.483Z,7.05,20,16771.98
16832.39,0.0179,16825.31,0.2537,Bitget,BTC/USDT,2022-11-11T19:18:38.483Z,7.08,20,16770.6
16832.4,0.3947,16825.16,0.058,Bitget,BTC/USDT,2022-11-11T19:18:38.483Z,7.24,20,16788.74
16832.41,0.5939,16825.11,0.015,Bitget,BTC/USDT,2022-11-11T19:18:38.483Z,7.3,20,16805.9
16832.43,0.0129,16824.99,0.16,Bitget,BTC/USDT,2022-11-11T19:18:38.483Z,7.44,20,16815.11
16832.48,0.014,16824.91,0.2202,Bitget,BTC/USDT,2022-11-11T19:18:38.483Z,7.57,20,16817.95
16826.38,0.00119,16826.21,0.17424,BitMart,BTC/USDT,2022-11-11T19:18:50.215Z,0.17,20,16835.48
16827.08,0.00238,16826.11,0.10134,BitMart,BTC/USDT,2022-11-11T19:18:50.215Z,0.97,20,16819.26
16827.59,0.13011,16826.01,0.07848,BitMart,BTC/USDT,2022-11-11T19:18:50.215Z,1.58,20,16730.68
16827.69,0.15318,16825.9,0.28381,BitMart,BTC/USDT,2022-11-11T19:18:50.215Z,1.79,20,16682.55
16827.79,0.16072,16825.45,0.30342,BitMart,BTC/USDT,2022-11-11T19:18:50.215Z,2.34,20,16677.04
16827.89,0.23598,16825.35,0.1295,BitMart,BTC/USDT,2022-11-11T19:18:50.215Z,2.54,20,16723.99
16827.99,0.10213,16825.25,0.24412,BitMart,BTC/USDT,2022-11-11T19:18:50.215Z,2.74,20,16736.49
16828.09,0.23118,16825.15,0.24148,BitMart,BTC/USDT,2022-11-11T19:18:50.215Z,2.94,20,16718.23
16828.29,0.28597,16825.05,0.16446,BitMart,BTC/USDT,2022-11-11T19:18:50.215Z,3.24,20,16736.57
16828.39,0.18515,16825,0.16726,BitMart,BTC/USDT,2022-11-11T19:18:50.215Z,3.39,20,16775.5
16828.49,0.13127,16824.89,0.15141,BitMart,BTC/USDT,2022-11-11T19:18:50.215Z,3.6,20,16791.73
16828.59,0.20381,16824.82,0.14026,BitMart,BTC/USDT,2022-11-11T19:18:50.215Z,3.77,20,16793.95
16828.7,0.31384,16824.75,0.17336,BitMart,BTC/USDT,2022-11-11T19:18:50.215Z,3.95,20,16850.68
16828.8,0.08766,16824.64,0.12392,BitMart,BTC/USDT,2022-11-11T19:18:50.215Z,4.16,20,16804.27
16828.9,0.07423,16824.54,0.18457,BitMart,BTC/USDT,2022-11-11T19:18:50.215Z,4.36,20,16775.43
16828.97,0.17418,16824.44,0.2292,BitMart,BTC/USDT,2022-11-11T19:18:50.215Z,4.53,20,16777.02
16829.07,0.10056,16824.39,0.30814,BitMart,BTC/USDT,2022-11-11T19:18:50.215Z,4.68,20,16789.4
16829.17,0.19965,16824.29,0.09659,BitMart,BTC/USDT,2022-11-11T19:18:50.215Z,4.88,20,16809.34
16829.27,0.1522,16824.11,0.18407,BitMart,BTC/USDT,2022-11-11T19:18:50.215Z,5.16,20,16815.31
16829.49,0.18686,16824.01,0.26687,BitMart,BTC/USDT,2022-11-11T19:18:50.215Z,5.48,20,16819.09
16817.9,0.0001,16815.5,0.0001,Gate.io,BTC/USDT,2022-11-11T19:19:02.464Z,2.4,20,16815.6
16818.8,0.002,16814.6,0.0009,Gate.io,BTC/USDT,2022-11-11T19:19:02.464Z,4.2,20,16723
16818.9,0.0031,16814,0.002,Gate.io,BTC/USDT,2022-11-11T19:19:02.464Z,4.9,20,16670.3
16819.2,0.0005,16813.8,0.0039,Gate.io,BTC/USDT,2022-11-11T19:19:02.464Z,5.4,20,16671
16819.3,0.003,16813.7,0.003,Gate.io,BTC/USDT,2022-11-11T19:19:02.464Z,5.6,20,16717
16821.4,0.0094,16813.1,0.0001,Gate.io,BTC/USDT,2022-11-11T19:19:02.464Z,8.3,20,16728.5
16821.9,0.0835,16812.8,0.0001,Gate.io,BTC/USDT,2022-11-11T19:19:02.464Z,9.1,20,16710
16822.9,0.0126,16811.4,0.0111,Gate.io,BTC/USDT,2022-11-11T19:19:02.464Z,11.5,20,16733.8
16824.6,0.0094,16811.2,0.01,Gate.io,BTC/USDT,2022-11-11T19:19:02.464Z,13.4,20,16770.6
16826.3,0.0376,16810.8,0.01,Gate.io,BTC/USDT,2022-11-11T19:19:02.464Z,15.5,20,16785
16831.3,2.3063,16809.8,0.0019,Gate.io,BTC/USDT,2022-11-11T19:19:02.464Z,21.5,20,16787.2
16831.7,1.4206,16809.7,0.0051,Gate.io,BTC/USDT,2022-11-11T19:19:02.464Z,22,20,16839.6
16831.8,0.0118,16809.3,0.0136,Gate.io,BTC/USDT,2022-11-11T19:19:02.464Z,22.5,20,16794.5
16832.3,0.0001,16809.2,0.0041,Gate.io,BTC/USDT,2022-11-11T19:19:02.464Z,23.1,20,16765.3
16833.9,0.0735,16808.4,0.0022,Gate.io,BTC/USDT,2022-11-11T19:19:02.464Z,25.5,20,16767.4
16835.4,0.5939,16808,0.0094,Gate.io,BTC/USDT,2022-11-11T19:19:02.464Z,27.4,20,16783.4
16836.7,0.0297,16807.8,0.01,Gate.io,BTC/USDT,2022-11-11T19:19:02.464Z,28.9,20,16801.8
16837.9,0.0558,16807.7,0.0005,Gate.io,BTC/USDT,2022-11-11T19:19:02.464Z,30.2,20,16812.6
16839.7,2.8033,16806.8,0.0146,Gate.io,BTC/USDT,2022-11-11T19:19:02.464Z,32.9,20,16811.4
16840.8,0.0534,16805.1,0.0022,Gate.io,BTC/USDT,2022-11-11T19:19:02.464Z,35.7,20,16813.1
16821.26,0.2821,16820.32,0.06,Bitget,BTC/USDT,2022-11-11T19:19:14.793Z,0.94,20,16819.12
16821.27,0.7444,16820.31,0.4728,Bitget,BTC/USDT,2022-11-11T19:19:14.793Z,0.96,20,16724.04
16821.43,0.2952,16819.42,0.1,Bitget,BTC/USDT,2022-11-11T19:19:14.793Z,2.01,20,16674.42
16821.44,0.172,16819.28,0.0126,Bitget,BTC/USDT,2022-11-11T19:19:14.793Z,2.16,20,16674.42
16825.97,0.1848,16818.91,0.046,Bitget,BTC/USDT,2022-11-11T19:19:14.793Z,7.06,20,16720.87
16826.01,0.012,16818.86,0.046,Bitget,BTC/USDT,2022-11-11T19:19:14.793Z,7.15,20,16734.46
16826.09,0.0122,16818.85,0.2,Bitget,BTC/USDT,2022-11-11T19:19:14.793Z,7.24,20,16717.25
16826.41,0.0134,16818.81,0.1119,Bitget,BTC/USDT,2022-11-11T19:19:14.793Z,7.6,20,16736.58
16826.53,0.3696,16818.72,0.1,Bitget,BTC/USDT,2022-11-11T19:19:14.793Z,7.81,20,16773.61
16826.54,0.672,16818.61,0.0225,Bitget,BTC/USDT,2022-11-11T19:19:14.793Z,7.93,20,16788.96
16826.57,0.1726,16818.51,0.0136,Bitget,BTC/USDT,2022-11-11T19:19:14.793Z,8.06,20,16793.81
16826.59,2.0475,16818.45,0.02,Bitget,BTC/USDT,2022-11-11T19:19:14.793Z,8.14,20,16844.62
16826.83,0.0206,16818.28,0.0238,Bitget,BTC/USDT,2022-11-11T19:19:14.793Z,8.55,20,16801.37
16826.98,1.5876,16818.21,0.012,Bitget,BTC/USDT,2022-11-11T19:19:14.793Z,8.77,20,16771.98
16827,0.02,16818.13,0.0398,Bitget,BTC/USDT,2022-11-11T19:19:14.793Z,8.87,20,16770.6
16827.09,0.0206,16818.02,0.0866,Bitget,BTC/USDT,2022-11-11T19:19:14.793Z,9.07,20,16788.74
16827.14,0.6621,16818.01,0.3,Bitget,BTC/USDT,2022-11-11T19:19:14.793Z,9.13,20,16805.9
16827.21,0.0177,16818,3.3966,Bitget,BTC/USDT,2022-11-11T19:19:14.793Z,9.21,20,16815.11
16827.29,2,16817.99,0.0228,Bitget,BTC/USDT,2022-11-11T19:19:14.793Z,9.3,20,16814.58
16827.39,0.9157,16817.98,0.0144,Bitget,BTC/USDT,2022-11-11T19:19:14.793Z,9.41,20,16815.02
16826.3,0.00119,16826.28,0.00256,BitMart,BTC/USDT,2022-11-11T19:19:26.752Z,0.02,20,16819.26
16826.79,0.17847,16825.06,0.16115,BitMart,BTC/USDT,2022-11-11T19:19:26.752Z,1.73,20,16730.68
16826.89,0.00119,16824.66,0.161,BitMart,BTC/USDT,2022-11-11T19:19:26.752Z,2.23,20,16682.55
16826.9,0.08993,16824.56,0.10461,BitMart,BTC/USDT,2022-11-11T19:19:26.752Z,2.34,20,16677.04
16827,0.11472,16824.46,0.31276,BitMart,BTC/USDT,2022-11-11T19:19:26.752Z,2.54,20,16723.99
16827.2,0.23869,16823.85,0.11838,BitMart,BTC/USDT,2022-11-11T19:19:26.752Z,3.35,20,16736.49
16827.3,0.08181,16823.75,0.07237,BitMart,BTC/USDT,2022-11-11T19:19:26.752Z,3.55,20,16718.23
16827.4,0.27357,16823.65,0.15729,BitMart,BTC/USDT,2022-11-11T19:19:26.752Z,3.75,20,16736.57
16827.5,0.27647,16823.55,0.12168,BitMart,BTC/USDT,2022-11-11T19:19:26.752Z,3.95,20,16775.5
16827.6,0.29937,16823.45,0.29468,BitMart,BTC/USDT,2022-11-11T19:19:26.752Z,4.15,20,16791.73
16827.79,0.09893,16823.17,0.28058,BitMart,BTC/USDT,2022-11-11T19:19:26.752Z,4.62,20,16793.95
16827.89,0.21307,16823.07,0.30998,BitMart,BTC/USDT,2022-11-11T19:19:26.752Z,4.82,20,16850.68
16827.99,0.23248,16822.97,0.10421,BitMart,BTC/USDT,2022-11-11T19:19:26.752Z,5.02,20,16804.27
16828.09,0.24947,16822.77,0.16739,BitMart,BTC/USDT,2022-11-11T19:19:26.752Z,5.32,20,16775.43
16828.19,0.11805,16822.57,0.2141,BitMart,BTC/USDT,2022-11-11T19:19:26.752Z,5.62,20,16777.02
16828.35,0.20816,16822.36,0.11213,BitMart,BTC/USDT,2022-11-11T19:19:26.752Z,5.99,20,16789.4
16828.45,0.29172,16821.24,0.12995,BitMart,BTC/USDT,2022-11-11T19:19:26.752Z,7.21,20,16809.34
16828.52,0.28783,16821.14,0.20143,BitMart,BTC/USDT,2022-11-11T19:19:26.752Z,7.38,20,16815.31
16828.62,0.17515,16821.04,0.09352,BitMart,BTC/USDT,2022-11-11T19:19:26.752Z,7.58,20,16819.09
16828.72,0.10154,16820.74,0.1592,BitMart,BTC/USDT,2022-11-11T19:19:26.752Z,7.98,20,16816.21
16826.1,0.0001,16825.8,0.0001,Gate.io,BTC/USDT,2022-11-11T19:19:38.336Z,0.3,20,16815.6
16826.8,0.0009,16824.8,0.0005,Gate.io,BTC/USDT,2022-11-11T19:19:38.336Z,2,20,16723
16828.9,0.003,16824.7,0.001,Gate.io,BTC/USDT,2022-11-11T19:19:38.336Z,4.2,20,16670.3
16829.2,0.0022,16821.8,0.002,Gate.io,BTC/USDT,2022-11-11T19:19:38.336Z,7.4,20,16671
16829.3,0.0098,16820.8,0.0019,Gate.io,BTC/USDT,2022-11-11T19:19:38.336Z,8.5,20,16717
16829.4,0.002,16820.3,0.0016,Gate.io,BTC/USDT,2022-11-11T19:19:38.336Z,9.1,20,16728.5
16829.6,0.0118,16819.9,0.0156,Gate.io,BTC/USDT,2022-11-11T19:19:38.336Z,9.7,20,16710
16829.7,0.0001,16818.2,0.0177,Gate.io,BTC/USDT,2022-11-11T19:19:38.336Z,11.5,20,16733.8
16829.8,0.001,16817,0.0122,Gate.io,BTC/USDT,2022-11-11T19:19:38.336Z,12.8,20,16770.6
16829.9,0.0117,16816.5,0.0077,Gate.io,BTC/USDT,2022-11-11T19:19:38.336Z,13.4,20,16785
16830.7,0.0016,16813.1,0.0001,Gate.io,BTC/USDT,2022-11-11T19:19:38.336Z,17.6,20,16787.2
16831.8,0.0118,16812.3,0.0024,Gate.io,BTC/USDT,2022-11-11T19:19:38.336Z,19.5,20,16839.6
16832.3,0.0001,16811.7,0.01,Gate.io,BTC/USDT,2022-11-11T19:19:38.336Z,20.6,20,16794.5
16832.6,1.1076,16811.4,0.0106,Gate.io,BTC/USDT,2022-11-11T19:19:38.336Z,21.2,20,16765.3
16832.7,0.009,16811.3,0.0115,Gate.io,BTC/USDT,2022-11-11T19:19:38.336Z,21.4,20,16767.4
16833.9,0.0735,16811.2,0.01,Gate.io,BTC/USDT,2022-11-11T19:19:38.336Z,22.7,20,16783.4
16839.8,0.0047,16810.9,0.029,Gate.io,BTC/USDT,2022-11-11T19:19:38.336Z,28.9,20,16801.8
16839.9,0.0996,16810.8,0.0535,Gate.io,BTC/USDT,2022-11-11T19:19:38.336Z,29.1,20,16812.6
16841.1,0.0093,16809.8,0.0019,Gate.io,BTC/USDT,2022-11-11T19:19:38.336Z,31.3,20,16811.4
16841.5,0.0155,16809.7,0.0041,Gate.io,BTC/USDT,2022-11-11T19:19:38.336Z,31.8,20,16813.1
16836.66,0.1173,16834.71,0.2672,Bitget,BTC/USDT,2022-11-11T19:19:50.751Z,1.95,20,16819.12
16838.99,0.0663,16834.33,0.1,Bitget,BTC/USDT,2022-11-11T19:19:50.751Z,4.66,20,16724.04
16839.72,0.1921,16834.11,0.015,Bitget,BTC/USDT,2022-11-11T19:19:50.751Z,5.61,20,16674.42
16839.73,0.48,16834.01,0.361,Bitget,BTC/USDT,2022-11-11T19:19:50.751Z,5.72,20,16674.42
16839.75,0.0132,16833.89,0.012,Bitget,BTC/USDT,2022-11-11T19:19:50.751Z,5.86,20,16720.87
16839.89,0.12,16833.77,0.0201,Bitget,BTC/USDT,2022-11-11T19:19:50.751Z,6.12,20,16734.46
16840.04,0.0862,16833.76,0.08,Bitget,BTC/USDT,2022-11-11T19:19:50.751Z,6.28,20,16717.25
16840.05,0.1122,16833.61,0.46,Bitget,BTC/USDT,2022-11-11T19:19:50.751Z,6.44,20,16736.58
16840.07,0.4572,16833.59,0.0232,Bitget,BTC/USDT,2022-11-11T19:19:50.751Z,6.48,20,16773.61
16840.08,0.9362,16833.57,0.0666,Bitget,BTC/USDT,2022-11-11T19:19:50.751Z,6.51,20,16788.96
16840.09,0.0148,16833.54,0.1266,Bitget,BTC/USDT,2022-11-11T19:19:50.751Z,6.55,20,16793.81
16840.34,0.0628,16833.42,0.0139,Bitget,BTC/USDT,2022-11-11T19:19:50.751Z,6.92,20,16844.62
16840.35,0.0411,16833.41,0.04,Bitget,BTC/USDT,2022-11-11T19:19:50.751Z,6.94,20,16801.37
16840.44,0.0134,16833.35,0.0136,Bitget,BTC/USDT,2022-11-11T19:19:50.751Z,7.09,20,16771.98
16840.46,0.0277,16833.16,0.0685,Bitget,BTC/USDT,2022-11-11T19:19:50.751Z,7.3,20,16770.6
16841.02,0.1726,16833.15,0.0297,Bitget,BTC/USDT,2022-11-11T19:19:50.751Z,7.87,20,16788.74
16841.16,0.015,16833.11,0.04,Bitget,BTC/USDT,2022-11-11T19:19:50.751Z,8.05,20,16805.9
16841.37,0.2,16833.07,0.08,Bitget,BTC/USDT,2022-11-11T19:19:50.751Z,8.3,20,16815.11
16841.46,0.012,16832.98,4.0382,Bitget,BTC/USDT,2022-11-11T19:19:50.751Z,8.48,20,16814.58
16841.47,0.0259,16832.8,0.02,Bitget,BTC/USDT,2022-11-11T19:19:50.751Z,8.67,20,16815.02
16839.86,0.00119,16839.79,0.00238,BitMart,BTC/USDT,2022-11-11T19:20:03.451Z,0.07,20,16819.26
16842.38,0.30369,16839.77,0.00305,BitMart,BTC/USDT,2022-11-11T19:20:03.451Z,2.61,20,16730.68
16842.48,0.09335,16839.02,0.20039,BitMart,BTC/USDT,2022-11-11T19:20:03.451Z,3.46,20,16682.55
16842.58,0.20227,16838.92,0.27783,BitMart,BTC/USDT,2022-11-11T19:20:03.451Z,3.66,20,16677.04
16842.78,0.11384,16838.82,0.30071,BitMart,BTC/USDT,2022-11-11T19:20:03.451Z,3.96,20,16723.99
16842.88,0.26693,16838.72,0.2603,BitMart,BTC/USDT,2022-11-11T19:20:03.451Z,4.16,20,16736.49
16843.13,0.001,16838.62,0.23544,BitMart,BTC/USDT,2022-11-11T19:20:03.451Z,4.51,20,16718.23
16843.18,0.25962,16838.52,0.18035,BitMart,BTC/USDT,2022-11-11T19:20:03.451Z,4.66,20,16736.57
16843.29,0.21291,16838.42,0.0868,BitMart,BTC/USDT,2022-11-11T19:20:03.451Z,4.87,20,16775.5
16843.39,0.27527,16837.91,0.07521,BitMart,BTC/USDT,2022-11-11T19:20:03.451Z,5.48,20,16791.73
16845.1,0.15655,16837.82,0.29454,BitMart,BTC/USDT,2022-11-11T19:20:03.451Z,7.28,20,16793.95
16845.21,0.28925,16837.42,0.17911,BitMart,BTC/USDT,2022-11-11T19:20:03.451Z,7.79,20,16850.68
16845.71,0.30567,16837.32,0.22627,BitMart,BTC/USDT,2022-11-11T19:20:03.451Z,8.39,20,16804.27
16846.98,3.06726,16836.92,0.31158,BitMart,BTC/USDT,2022-11-11T19:20:03.451Z,10.06,20,16775.43
16850.81,1.85772,16836.81,0.07288,BitMart,BTC/USDT,2022-11-11T19:20:03.451Z,14,20,16777.02
16851.25,3.72599,16836.71,0.26967,BitMart,BTC/USDT,2022-11-11T19:20:03.451Z,14.54,20,16789.4
16853.78,1.43356,16836.61,0.13113,BitMart,BTC/USDT,2022-11-11T19:20:03.451Z,17.17,20,16809.34
16855.4,0.90687,16836.51,0.25488,BitMart,BTC/USDT,2022-11-11T19:20:03.451Z,18.89,20,16815.31
16859.28,1.42603,16836.3,0.18142,BitMart,BTC/USDT,2022-11-11T19:20:03.451Z,22.98,20,16819.09
16861.81,3.42102,16836.2,0.13872,BitMart,BTC/USDT,2022-11-11T19:20:03.451Z,25.61,20,16816.21
16842.1,0.001,16839.6,0.0514,Gate.io,BTC/USDT,2022-11-11T19:20:15.087Z,2.5,20,16723
16842.4,0.0022,16837.9,0.0012,Gate.io,BTC/USDT,2022-11-11T19:20:15.087Z,4.5,20,16670.3
16842.5,0.1301,16837.8,0.0357,Gate.io,BTC/USDT,2022-11-11T19:20:15.087Z,4.7,20,16671
16842.8,0.002,16837.7,0.003,Gate.io,BTC/USDT,2022-11-11T19:20:15.087Z,5.1,20,16717
16842.9,0.003,16836.7,0.63,Gate.io,BTC/USDT,2022-11-11T19:20:15.087Z,6.2,20,16728.5
16843.7,0.0099,16836.6,0.0098,Gate.io,BTC/USDT,2022-11-11T19:20:15.087Z,7.1,20,16710
16845.2,0.01,16836.4,0.0305,Gate.io,BTC/USDT,2022-11-11T19:20:15.087Z,8.8,20,16733.8
16846,0.0088,16836.3,0.002,Gate.io,BTC/USDT,2022-11-11T19:20:15.087Z,9.7,20,16770.6
16846.1,0.0098,16833.9,0.0118,Gate.io,BTC/USDT,2022-11-11T19:20:15.087Z,12.2,20,16785
16849.2,0.0001,16833.2,0.0178,Gate.io,BTC/USDT,2022-11-11T19:20:15.087Z,16,20,16787.2
16849.9,0.0004,16832.5,0.01,Gate.io,BTC/USDT,2022-11-11T19:20:15.087Z,17.4,20,16839.6
16850.8,0.0105,16830.5,0.01,Gate.io,BTC/USDT,2022-11-11T19:20:15.087Z,20.3,20,16794.5
16850.9,0.0392,16830.2,0.0022,Gate.io,BTC/USDT,2022-11-11T19:20:15.087Z,20.7,20,16765.3
16854.3,1.4206,16830,0.0013,Gate.io,BTC/USDT,2022-11-11T19:20:15.087Z,24.3,20,16767.4
16854.8,0.1084,16829.2,0.003,Gate.io,BTC/USDT,2022-11-11T19:20:15.087Z,25.6,20,16783.4
16856.1,0.0291,16828.9,0.0142,Gate.io,BTC/USDT,2022-11-11T19:20:15.087Z,27.2,20,16801.8
16856.5,0.0331,16827.8,0.0007,Gate.io,BTC/USDT,2022-11-11T19:20:15.087Z,28.7,20,16812.6
16856.6,0.0003,16825.9,0.0022,Gate.io,BTC/USDT,2022-11-11T19:20:15.087Z,30.7,20,16811.4
16857.5,0.0001,16824.9,0.0301,Gate.io,BTC/USDT,2022-11-11T19:20:15.087Z,32.6,20,16813.1
16858.6,0.001827,16823.7,1.4206,Gate.io,BTC/USDT,2022-11-11T19:20:15.087Z,34.9,20,16834.1
16833.68,0.06,16829.21,0.012,Bitget,BTC/USDT,2022-11-11T19:20:27.176Z,4.47,20,16724.04
16833.69,0.398,16829.06,0.0128,Bitget,BTC/USDT,2022-11-11T19:20:27.176Z,4.63,20,16674.42
16833.84,0.6493,16828.91,0.012,Bitget,BTC/USDT,2022-11-11T19:20:27.176Z,4.93,20,16674.42
16833.99,1.7088,16828.81,0.4295,Bitget,BTC/USDT,2022-11-11T19:20:27.176Z,5.18,20,16720.87
16834.3,0.0655,16828.71,0.012,Bitget,BTC/USDT,2022-11-11T19:20:27.176Z,5.59,20,16734.46
16834.31,0.4142,16827.02,0.012,Bitget,BTC/USDT,2022-11-11T19:20:27.176Z,7.29,20,16717.25
16834.33,0.4132,16827.01,0.012,Bitget,BTC/USDT,2022-11-11T19:20:27.176Z,7.32,20,16736.58
16834.38,0.012,16826.9,1.4546,Bitget,BTC/USDT,2022-11-11T19:20:27.176Z,7.48,20,16773.61
16834.41,0.012,16826.89,0.012,Bitget,BTC/USDT,2022-11-11T19:20:27.176Z,7.52,20,16788.96
16834.46,0.1869,16826.77,0.012,Bitget,BTC/USDT,2022-11-11T19:20:27.176Z,7.69,20,16793.81
16834.49,2.58,16826.57,0.4883,Bitget,BTC/USDT,2022-11-11T19:20:27.176Z,7.92,20,16844.62
16834.51,0.128,16826.56,0.0213,Bitget,BTC/USDT,2022-11-11T19:20:27.176Z,7.95,20,16801.37
16834.55,0.012,16826.52,0.8558,Bitget,BTC/USDT,2022-11-11T19:20:27.176Z,8.03,20,16771.98
16834.56,0.1644,16826.48,0.0147,Bitget,BTC/USDT,2022-11-11T19:20:27.176Z,8.08,20,16770.6
16834.59,0.9713,16826.42,0.012,Bitget,BTC/USDT,2022-11-11T19:20:27.176Z,8.17,20,16788.74
16834.69,2.06,16826.34,0.0194,Bitget,BTC/USDT,2022-11-11T19:20:27.176Z,8.35,20,16805.9
16834.9,0.1726,16826.31,0.041,Bitget,BTC/USDT,2022-11-11T19:20:27.176Z,8.59,20,16815.11
16834.91,0.0133,16826.23,0.0141,Bitget,BTC/USDT,2022-11-11T19:20:27.176Z,8.68,20,16814.58
16835.13,0.0128,16826.19,0.02,Bitget,BTC/USDT,2022-11-11T19:20:27.176Z,8.94,20,16815.02
16835.19,0.0148,16826.11,0.0234,Bitget,BTC/USDT,2022-11-11T19:20:27.176Z,9.08,20,16831.32
16821.96,0.00589,16821.82,0.00119,BitMart,BTC/USDT,2022-11-11T19:20:38.882Z,0.14,20,16730.68
16822.49,0.14911,16821.33,0.2692,BitMart,BTC/USDT,2022-11-11T19:20:38.882Z,1.16,20,16682.55
16822.89,0.22532,16821.22,0.27176,BitMart,BTC/USDT,2022-11-11T19:20:38.882Z,1.67,20,16677.04
16823.06,0.28059,16820.87,0.16675,BitMart,BTC/USDT,2022-11-11T19:20:38.882Z,2.19,20,16723.99
16823.16,0.23983,16820.77,0.19905,BitMart,BTC/USDT,2022-11-11T19:20:38.882Z,2.39,20,16736.49
16823.26,0.25144,16820.72,0.2581,BitMart,BTC/USDT,2022-11-11T19:20:38.882Z,2.54,20,16718.23
16823.36,0.12047,16820.62,0.12122,BitMart,BTC/USDT,2022-11-11T19:20:38.882Z,2.74,20,16736.57
16824.16,0.22431,16820.52,0.09934,BitMart,BTC/USDT,2022-11-11T19:20:38.882Z,3.64,20,16775.5
16824.26,0.31783,16820.42,0.21023,BitMart,BTC/USDT,2022-11-11T19:20:38.882Z,3.84,20,16791.73
16824.36,0.12604,16820.08,0.27236,BitMart,BTC/USDT,2022-11-11T19:20:38.882Z,4.28,20,16793.95
16824.46,0.17933,16819.91,0.18142,BitMart,BTC/USDT,2022-11-11T19:20:38.882Z,4.55,20,16850.68
16824.56,0.10281,16819.88,0.17782,BitMart,BTC/USDT,2022-11-11T19:20:38.882Z,4.68,20,16804.27
16824.66,0.24021,16819.78,0.17547,BitMart,BTC/USDT,2022-11-11T19:20:38.882Z,4.88,20,16775.43
16824.71,0.10572,16819.58,0.27951,BitMart,BTC/USDT,2022-11-11T19:20:38.882Z,5.13,20,16777.02
16824.81,0.19411,16819.56,0.15669,BitMart,BTC/USDT,2022-11-11T19:20:38.882Z,5.25,20,16789.4
16824.91,0.2729,16819.46,0.08917,BitMart,BTC/USDT,2022-11-11T19:20:38.882Z,5.45,20,16809.34
16824.98,0.31687,16819.36,0.24103,BitMart,BTC/USDT,2022-11-11T19:20:38.882Z,5.62,20,16815.31
16825.11,0.11566,16819.25,0.09682,BitMart,BTC/USDT,2022-11-11T19:20:38.882Z,5.86,20,16819.09
16825.28,0.12476,16819.15,0.12097,BitMart,BTC/USDT,2022-11-11T19:20:38.882Z,6.13,20,16816.21
16825.38,0.25205,16819.1,0.22433,BitMart,BTC/USDT,2022-11-11T19:20:38.882Z,6.28,20,16837.44
16822.1,0.032,16819.4,0.0001,Gate.io,BTC/USDT,2022-11-11T19:20:51.795Z,2.7,20,16723
16822.2,0.0009,16817.9,0.003,Gate.io,BTC/USDT,2022-11-11T19:20:51.795Z,4.3,20,16670.3
16822.6,0.0005,16817.1,0.002,Gate.io,BTC/USDT,2022-11-11T19:20:51.795Z,5.5,20,16671
16823.2,0.001,16815.8,0.0013,Gate.io,BTC/USDT,2022-11-11T19:20:51.795Z,7.4,20,16717
16823.5,0.003,16815.6,0.01,Gate.io,BTC/USDT,2022-11-11T19:20:51.795Z,7.9,20,16728.5
16823.9,0.002,16815.2,0.0033,Gate.io,BTC/USDT,2022-11-11T19:20:51.795Z,8.7,20,16710
16824.4,0.001,16813.6,0.01,Gate.io,BTC/USDT,2022-11-11T19:20:51.795Z,10.8,20,16733.8
16824.7,0.0016,16813.3,0.0004,Gate.io,BTC/USDT,2022-11-11T19:20:51.795Z,11.4,20,16770.6
16827.9,0.0037,16813.1,0.0001,Gate.io,BTC/USDT,2022-11-11T19:20:51.795Z,14.8,20,16785
16828.3,0.0755,16811.5,0.0175,Gate.io,BTC/USDT,2022-11-11T19:20:51.795Z,16.8,20,16787.2
16831.2,0.0118,16811.4,0.0106,Gate.io,BTC/USDT,2022-11-11T19:20:51.795Z,19.8,20,16839.6
16831.4,1.4233,16811.2,0.01,Gate.io,BTC/USDT,2022-11-11T19:20:51.795Z,20.2,20,16794.5
16832.3,0.0001,16810.7,0.0044,Gate.io,BTC/USDT,2022-11-11T19:20:51.795Z,21.6,20,16765.3
16834.7,0.0236,16809.8,0.0019,Gate.io,BTC/USDT,2022-11-11T19:20:51.795Z,24.9,20,16767.4
16836.9,0.0345,16809.4,1.4206,Gate.io,BTC/USDT,2022-11-11T19:20:51.795Z,27.5,20,16783.4
16837.8,0.0164,16809.3,0.0191,Gate.io,BTC/USDT,2022-11-11T19:20:51.795Z,28.5,20,16801.8
16838.5,0.0998,16808.1,0.002,Gate.io,BTC/USDT,2022-11-11T19:20:51.795Z,30.4,20,16812.6
16839.2,0.0236,16808,0.0236,Gate.io,BTC/USDT,2022-11-11T19:20:51.795Z,31.2,20,16811.4
16839.9,2.3063,16806.7,0.0022,Gate.io,BTC/USDT,2022-11-11T19:20:51.795Z,33.2,20,16813.1
16841.2,0.0292,16805.8,0.01,Gate.io,BTC/USDT,2022-11-11T19:20:51.795Z,35.4,20,16815.2
16823.22,1.1886,16820.43,0.1176,Bitget,BTC/USDT,2022-11-11T19:21:03.187Z,2.79,20,16674.42
16823.23,0.9855,16820.42,0.117,Bitget,BTC/USDT,2022-11-11T19:21:03.187Z,2.81,20,16674.42
16823.24,0.012,16820.26,0.2348,Bitget,BTC/USDT,2022-11-11T19:21:03.187Z,2.98,20,16720.87
16823.59,0.1011,16818.77,0.0136,Bitget,BTC/USDT,2022-11-11T19:21:03.187Z,4.82,20,16734.46
16823.69,0.0127,16818.73,0.012,Bitget,BTC/USDT,2022-11-11T19:21:03.187Z,4.96,20,16717.25
16823.79,0.012,16818.72,0.0136,Bitget,BTC/USDT,2022-11-11T19:21:03.187Z,5.07,20,16736.58
16823.99,0.3042,16818.59,0.0135,Bitget,BTC/USDT,2022-11-11T19:21:03.187Z,5.4,20,16773.61
16824.19,0.1611,16818.56,0.0139,Bitget,BTC/USDT,2022-11-11T19:21:03.187Z,5.63,20,16788.96
16824.29,0.2374,16818.42,0.2432,Bitget,BTC/USDT,2022-11-11T19:21:03.187Z,5.87,20,16793.81
16824.35,0.0134,16818.41,0.5493,Bitget,BTC/USDT,2022-11-11T19:21:03.187Z,5.94,20,16844.62
16824.68,0.0684,16818.4,0.0237,Bitget,BTC/USDT,2022-11-11T19:21:03.187Z,6.28,20,16801.37
16824.69,0.02,16818.05,0.0348,Bitget,BTC/USDT,2022-11-11T19:21:03.187Z,6.64,20,16771.98
16824.7,0.024,16818.03,0.012,Bitget,BTC/USDT,2022-11-11T19:21:03.187Z,6.67,20,16770.6
16824.75,0.012,16818,0.8683,Bitget,BTC/USDT,2022-11-11T19:21:03.187Z,6.75,20,16788.74
16824.78,0.012,16817.99,0.5922,Bitget,BTC/USDT,2022-11-11T19:21:03.187Z,6.79,20,16805.9
16824.99,0.1994,16817.98,0.6281,Bitget,BTC/USDT,2022-11-11T19:21:03.187Z,7.01,20,16815.11
16825.05,0.0655,16817.91,0.7349,Bitget,BTC/USDT,2022-11-11T19:21:03.187Z,7.14,20,16814.58
16825.06,0.0123,16817.81,0.0128,Bitget,BTC/USDT,2022-11-11T19:21:03.187Z,7.25,20,16815.02
16825.07,0.012,16817.8,0.0943,Bitget,BTC/USDT,2022-11-11T19:21:03.187Z,7.27,20,16821.64
16825.08,1.0991,16817.79,0.2343,Bitget,BTC/USDT,2022-11-11T19:21:03.187Z,7.29,20,16816.46
16823.57,0.30118,16822.65,0.01454,BitMart,BTC/USDT,2022-11-11T19:21:15.715Z,0.92,20,16730.68
16824.07,0.23454,16822.62,0.00268,BitMart,BTC/USDT,2022-11-11T19:21:15.715Z,1.45,20,16682.55
16824.45,0.23068,16820.21,0.00119,BitMart,BTC/USDT,2022-11-11T19:21:15.715Z,4.24,20,16677.04
16824.48,0.3098,16820.2,0.00119,BitMart,BTC/USDT,2022-11-11T19:21:15.715Z,4.28,20,16723.99
16824.58,0.12727,16819.81,0.15528,BitMart,BTC/USDT,2022-11-11T19:21:15.715Z,4.77,20,16736.49
16824.68,0.28717,16819.71,0.223,BitMart,BTC/USDT,2022-11-11T19:21:15.715Z,4.97,20,16718.23
16824.78,0.18985,16819.65,0.03181,BitMart,BTC/USDT,2022-11-11T19:21:15.715Z,5.13,20,16736.57
16824.88,0.13504,16819.05,0.30694,BitMart,BTC/USDT,2022-11-11T19:21:15.715Z,5.83,20,16775.5
16824.95,0.14848,16818.95,0.28721,BitMart,BTC/USDT,2022-11-11T19:21:15.715Z,6,20,16791.73
16825.15,0.26899,16817.14,0.14815,BitMart,BTC/USDT,2022-11-11T19:21:15.715Z,8.01,20,16793.95
16825.18,0.09905,16816.17,2.97613,BitMart,BTC/USDT,2022-11-11T19:21:15.715Z,9.01,20,16850.68
16825.25,0.14717,16812.66,2.26213,BitMart,BTC/USDT,2022-11-11T19:21:15.715Z,12.59,20,16804.27
16825.46,0.31124,16812.62,1.90993,BitMart,BTC/USDT,2022-11-11T19:21:15.715Z,12.84,20,16775.43
16825.56,0.18533,16811.08,3.76832,BitMart,BTC/USDT,2022-11-11T19:21:15.715Z,14.48,20,16777.02
16826.36,0.26504,16808.04,0.97545,BitMart,BTC/USDT,2022-11-11T19:21:15.715Z,18.32,20,16789.4
16826.47,0.11222,16807.95,1.77183,BitMart,BTC/USDT,2022-11-11T19:21:15.715Z,18.52,20,16809.34
16826.57,0.23192,16803.6,2.92298,BitMart,BTC/USDT,2022-11-11T19:21:15.715Z,22.97,20,16815.31
16826.95,1.2841,16800.08,1.03034,BitMart,BTC/USDT,2022-11-11T19:21:15.715Z,26.87,20,16819.09
16829.34,0.08958,16796.98,2.25863,BitMart,BTC/USDT,2022-11-11T19:21:15.715Z,32.36,20,16816.21
16829.54,0.31258,16793.49,1.64108,BitMart,BTC/USDT,2022-11-11T19:21:15.715Z,36.05,20,16819.13
16821.3,0.0001,16821,0.0001,Gate.io,BTC/USDT,2022-11-11T19:21:32.669Z,0.3,20,16670.3
16822.9,0.003,16820.9,0.0009,Gate.io,BTC/USDT,2022-11-11T19:21:32.669Z,2,20,16671
16823.4,0.002,16818.3,0.0022,Gate.io,BTC/USDT,2022-11-11T19:21:32.669Z,5.1,20,16717
16825.7,0.0025,16818.2,0.0028,Gate.io,BTC/USDT,2022-11-11T19:21:32.669Z,7.5,20,16728.5
16826.6,0.0099,16817.9,0.002,Gate.io,BTC/USDT,2022-11-11T19:21:32.669Z,8.7,20,16710
16827.1,0.0368,16817.2,0.0002,Gate.io,BTC/USDT,2022-11-11T19:21:32.669Z,9.9,20,16733.8
16828,0.0132,16815.6,0.0121,Gate.io,BTC/USDT,2022-11-11T19:21:32.669Z,12.4,20,16770.6
16828.1,0.01,16813.9,0.0155,Gate.io,BTC/USDT,2022-11-11T19:21:32.669Z,14.2,20,16785
16828.3,0.0707,16813.8,0.0017,Gate.io,BTC/USDT,2022-11-11T19:21:32.669Z,14.5,20,16787.2
16828.7,0.0085,16813.7,0.0022,Gate.io,BTC/USDT,2022-11-11T19:21:32.669Z,15,20,16839.6
16831.2,0.0183,16813.4,0.0103,Gate.io,BTC/USDT,2022-11-11T19:21:32.669Z,17.8,20,16794.5
16832.3,0.0001,16812.4,1.4245,Gate.io,BTC/USDT,2022-11-11T19:21:32.669Z,19.9,20,16765.3
16834.7,0.0472,16811.9,0.01,Gate.io,BTC/USDT,2022-11-11T19:21:32.669Z,22.8,20,16767.4
16834.9,1.4206,16810.3,0.0099,Gate.io,BTC/USDT,2022-11-11T19:21:32.669Z,24.6,20,16783.4
16836.8,0.0118,16810.1,0.0514,Gate.io,BTC/USDT,2022-11-11T19:21:32.669Z,26.7,20,16801.8
16836.9,0.0345,16809.8,0.0019,Gate.io,BTC/USDT,2022-11-11T19:21:32.669Z,27.1,20,16812.6
16838.1,0.0931,16809.4,0.0297,Gate.io,BTC/USDT,2022-11-11T19:21:32.669Z,28.7,20,16811.4
16838.5,0.0998,16808.4,0.0145,Gate.io,BTC/USDT,2022-11-11T19:21:32.669Z,30.1,20,16813.1
16839.2,0.0236,16808.1,0.029,Gate.io,BTC/USDT,2022-11-11T19:21:32.669Z,31.1,20,16811.5
16839.9,2.3063,16806.7,0.0022,Gate.io,BTC/USDT,2022-11-11T19:21:32.669Z,33.2,20,16813.7
16824.62,0.012,16821.8,1.0927,Bitget,BTC/USDT,2022-11-11T19:21:44.691Z,2.82,20,16674.42
16825.09,0.4452,16819.9,0.9549,Bitget,BTC/USDT,2022-11-11T19:21:44.691Z,5.19,20,16674.42
16825.19,1.014,16819.89,0.1,Bitget,BTC/USDT,2022-11-11T19:21:44.691Z,5.3,20,16720.87
16825.36,0.012,16819.71,0.0453,Bitget,BTC/USDT,2022-11-11T19:21:44.691Z,5.65,20,16734.46
16825.37,0.012,16819.7,0.012,Bitget,BTC/USDT,2022-11-11T19:21:44.691Z,5.67,20,16717.25
16825.38,0.0178,16819.64,0.012,Bitget,BTC/USDT,2022-11-11T19:21:44.691Z,5.74,20,16736.58
16825.4,0.012,16819.6,0.2133,Bitget,BTC/USDT,2022-11-11T19:21:44.691Z,5.8,20,16773.61
16825.42,0.0443,16819.57,0.2381,Bitget,BTC/USDT,2022-11-11T19:21:44.691Z,5.85,20,16788.96
16825.65,0.0136,16819.54,0.0153,Bitget,BTC/USDT,2022-11-11T19:21:44.691Z,6.11,20,16793.81
16825.88,0.0202,16819.53,0.012,Bitget,BTC/USDT,2022-11-11T19:21:44.691Z,6.35,20,16844.62
16825.91,0.0334,16819.51,0.014,Bitget,BTC/USDT,2022-11-11T19:21:44.691Z,6.4,20,16801.37
16825.94,0.012,16819.49,0.012,Bitget,BTC/USDT,2022-11-11T19:21:44.691Z,6.45,20,16771.98
16825.99,0.0153,16819.45,0.1874,Bitget,BTC/USDT,2022-11-11T19:21:44.691Z,6.54,20,16770.6
16826.09,0.012,16819.41,0.04,Bitget,BTC/USDT,2022-11-11T19:21:44.691Z,6.68,20,16788.74
16826.17,0.0132,16819.33,0.02,Bitget,BTC/USDT,2022-11-11T19:21:44.691Z,6.84,20,16805.9
16826.38,0.0147,16819.24,0.0238,Bitget,BTC/USDT,2022-11-11T19:21:44.691Z,7.14,20,16815.11
16826.48,0.064,16819.16,0.0201,Bitget,BTC/USDT,2022-11-11T19:21:44.691Z,7.32,20,16814.58
16826.49,0.1996,16819.15,0.0143,Bitget,BTC/USDT,2022-11-11T19:21:44.691Z,7.34,20,16815.02
16826.5,1.1426,16819.11,0.6353,Bitget,BTC/USDT,2022-11-11T19:21:44.691Z,7.39,20,16821.64
16826.84,0.012,16819.09,0.0346,Bitget,BTC/USDT,2022-11-11T19:21:44.691Z,7.75,20,16816.46
16824.27,0.01091,16823.97,0.00119,BitMart,BTC/USDT,2022-11-11T19:21:56.557Z,0.3,20,16682.55
16824.88,0.13529,16822.74,0.16444,BitMart,BTC/USDT,2022-11-11T19:21:56.557Z,2.14,20,16677.04
16824.99,0.08035,16821.13,0.17141,BitMart,BTC/USDT,2022-11-11T19:21:56.557Z,3.86,20,16723.99
16825.06,0.2922,16821.03,0.07742,BitMart,BTC/USDT,2022-11-11T19:21:56.557Z,4.03,20,16736.49
16825.19,0.11745,16820.82,0.22878,BitMart,BTC/USDT,2022-11-11T19:21:56.557Z,4.37,20,16718.23
16825.29,0.0005,16820.72,0.276,BitMart,BTC/USDT,2022-11-11T19:21:56.557Z,4.57,20,16736.57
16825.3,0.23696,16820.62,0.18791,BitMart,BTC/USDT,2022-11-11T19:21:56.557Z,4.68,20,16775.5
16825.33,0.19523,16820.42,0.32089,BitMart,BTC/USDT,2022-11-11T19:21:56.557Z,4.91,20,16791.73
16825.43,0.27351,16820.32,0.18387,BitMart,BTC/USDT,2022-11-11T19:21:56.557Z,5.11,20,16793.95
16825.53,0.31589,16820.16,0.31804,BitMart,BTC/USDT,2022-11-11T19:21:56.557Z,5.37,20,16850.68
16825.63,0.2209,16819.86,0.26408,BitMart,BTC/USDT,2022-11-11T19:21:56.557Z,5.77,20,16804.27
16825.97,0.17139,16819.81,0.19848,BitMart,BTC/USDT,2022-11-11T19:21:56.557Z,6.16,20,16775.43
16825.98,0.24974,16819.71,0.17801,BitMart,BTC/USDT,2022-11-11T19:21:56.557Z,6.27,20,16777.02
16826.27,0.23546,16819.43,0.09735,BitMart,BTC/USDT,2022-11-11T19:21:56.557Z,6.84,20,16789.4
16826.37,0.24003,16818.44,0.12466,BitMart,BTC/USDT,2022-11-11T19:21:56.557Z,7.93,20,16809.34
16827.18,0.14479,16818.24,0.29419,BitMart,BTC/USDT,2022-11-11T19:21:56.557Z,8.94,20,16815.31
16827.35,0.22583,16818.14,0.20524,BitMart,BTC/USDT,2022-11-11T19:21:56.557Z,9.21,20,16819.09
16827.42,0.32012,16818.04,0.20753,BitMart,BTC/USDT,2022-11-11T19:21:56.557Z,9.38,20,16816.21
16827.45,0.24036,16817.84,0.0821,BitMart,BTC/USDT,2022-11-11T19:21:56.557Z,9.61,20,16819.13
16827.69,0.09057,16817.74,0.10231,BitMart,BTC/USDT,2022-11-11T19:21:56.557Z,9.95,20,16819.12
16827.9,0.001,16827.8,0.0314,Gate.io,BTC/USDT,2022-11-11T19:22:10.386Z,0.1,20,16671
16831.1,0.0008,16827.7,0.0021,Gate.io,BTC/USDT,2022-11-11T19:22:10.386Z,3.4,20,16717
16831.4,0.0118,16827.6,0.003,Gate.io,BTC/USDT,2022-11-11T19:22:10.386Z,3.8,20,16728.5
16832.3,0.0001,16827.3,0.002,Gate.io,BTC/USDT,2022-11-11T19:22:10.386Z,5,20,16710
16833.8,0.003,16826.3,0.0018,Gate.io,BTC/USDT,2022-11-11T19:22:10.386Z,7.5,20,16733.8
16834.7,0.0488,16826.1,0.0001,Gate.io,BTC/USDT,2022-11-11T19:22:10.386Z,8.6,20,16770.6
16835.2,0.002,16825.8,0.0012,Gate.io,BTC/USDT,2022-11-11T19:22:10.386Z,9.4,20,16785
16836.7,0.0095,16825.3,0.0001,Gate.io,BTC/USDT,2022-11-11T19:22:10.386Z,11.4,20,16787.2
16836.8,0.0099,16825.1,0.002,Gate.io,BTC/USDT,2022-11-11T19:22:10.386Z,11.7,20,16839.6
16836.9,0.0345,16825,0.001,Gate.io,BTC/USDT,2022-11-11T19:22:10.386Z,11.9,20,16794.5
16838.5,0.1032,16824.3,0.0002,Gate.io,BTC/USDT,2022-11-11T19:22:10.386Z,14.2,20,16765.3
16839.2,0.0236,16823.7,0.0357,Gate.io,BTC/USDT,2022-11-11T19:22:10.386Z,15.5,20,16767.4
16840.1,0.0021,16822.5,0.0021,Gate.io,BTC/USDT,2022-11-11T19:22:10.386Z,17.6,20,16783.4
16840.9,0.0931,16820,0.0024,Gate.io,BTC/USDT,2022-11-11T19:22:10.386Z,20.9,20,16801.8
16844.8,0.0003,16819.9,0.01,Gate.io,BTC/USDT,2022-11-11T19:22:10.386Z,24.9,20,16812.6
16845.9,0.0118,16819.5,0.0001,Gate.io,BTC/USDT,2022-11-11T19:22:10.386Z,26.4,20,16811.4
16846.1,1.4304,16818.5,1.4309,Gate.io,BTC/USDT,2022-11-11T19:22:10.386Z,27.6,20,16813.1
16846.8,0.0885,16818.2,0.0023,Gate.io,BTC/USDT,2022-11-11T19:22:10.386Z,28.6,20,16811.5
16847,0.0184,16816.2,0.0345,Gate.io,BTC/USDT,2022-11-11T19:22:10.386Z,30.8,20,16813.7
16848.5,2.8033,16816.1,0.0442,Gate.io,BTC/USDT,2022-11-11T19:22:10.386Z,32.4,20,16822.1
16834.09,0.0135,16829.65,0.012,Bitget,BTC/USDT,2022-11-11T19:22:21.729Z,4.44,20,16674.42
16834.51,0.0655,16829.19,0.117,Bitget,BTC/USDT,2022-11-11T19:22:21.729Z,5.32,20,16720.87
16834.6,0.0401,16829.11,0.0131,Bitget,BTC/USDT,2022-11-11T19:22:21.729Z,5.49,20,16734.46
16834.61,0.0131,16829.01,0.1705,Bitget,BTC/USDT,2022-11-11T19:22:21.729Z,5.6,20,16717.25
16834.79,0.3259,16828.91,1.1927,Bitget,BTC/USDT,2022-11-11T19:22:21.729Z,5.88,20,16736.58
16834.9,0.2844,16828.81,0.16,Bitget,BTC/USDT,2022-11-11T19:22:21.729Z,6.09,20,16773.61
16835.22,0.0129,16828.61,0.24,Bitget,BTC/USDT,2022-11-11T19:22:21.729Z,6.61,20,16788.96
16835.53,0.1148,16828.24,0.0382,Bitget,BTC/USDT,2022-11-11T19:22:21.729Z,7.29,20,16793.81
16835.57,0.012,16827.91,0.012,Bitget,BTC/USDT,2022-11-11T19:22:21.729Z,7.66,20,16844.62
16835.69,0.02,16827.54,0.0201,Bitget,BTC/USDT,2022-11-11T19:22:21.729Z,8.15,20,16801.37
16835.7,0.0136,16827.53,0.04,Bitget,BTC/USDT,2022-11-11T19:22:21.729Z,8.17,20,16771.98
16835.72,0.2263,16827.47,0.0922,Bitget,BTC/USDT,2022-11-11T19:22:21.729Z,8.25,20,16770.6
16835.76,0.1006,16826.87,0.0655,Bitget,BTC/USDT,2022-11-11T19:22:21.729Z,8.89,20,16788.74
16835.96,0.1726,16826.84,0.1783,Bitget,BTC/USDT,2022-11-11T19:22:21.729Z,9.12,20,16805.9
16835.99,0.1691,16826.83,0.012,Bitget,BTC/USDT,2022-11-11T19:22:21.729Z,9.16,20,16815.11
16836.05,0.0124,16826.78,1.391,Bitget,BTC/USDT,2022-11-11T19:22:21.729Z,9.27,20,16814.58
16836.09,0.0126,16826.77,2.201,Bitget,BTC/USDT,2022-11-11T19:22:21.729Z,9.32,20,16815.02
16836.25,0.0125,16826.76,0.0175,Bitget,BTC/USDT,2022-11-11T19:22:21.729Z,9.49,20,16821.64
16836.29,0.1206,16826.75,0.1146,Bitget,BTC/USDT,2022-11-11T19:22:21.729Z,9.54,20,16816.46
16836.3,0.2,16826.72,1.1454,Bitget,BTC/USDT,2022-11-11T19:22:21.729Z,9.58,20,16827.66
16835.8,0.26243,16834.65,0.30995,BitMart,BTC/USDT,2022-11-11T19:22:33.274Z,1.15,20,16677.04
16835.9,0.11151,16834.45,0.26883,BitMart,BTC/USDT,2022-11-11T19:22:33.274Z,1.45,20,16723.99
16836.01,0.19915,16834.35,0.28174,BitMart,BTC/USDT,2022-11-11T19:22:33.274Z,1.66,20,16736.49
16836.11,0.31661,16834.08,0.21581,BitMart,BTC/USDT,2022-11-11T19:22:33.274Z,2.03,20,16718.23
16836.61,0.2633,16833.93,0.12894,BitMart,BTC/USDT,2022-11-11T19:22:33.274Z,2.68,20,16736.57
16836.71,0.19877,16833.9,0.14146,BitMart,BTC/USDT,2022-11-11T19:22:33.274Z,2.81,20,16775.5
16836.81,0.08566,16833.63,0.21926,BitMart,BTC/USDT,2022-11-11T19:22:33.274Z,3.18,20,16791.73
16837.32,0.16357,16833.53,0.25462,BitMart,BTC/USDT,2022-11-11T19:22:33.274Z,3.79,20,16793.95
16837.42,0.12007,16833.48,0.26916,BitMart,BTC/USDT,2022-11-11T19:22:33.274Z,3.94,20,16850.68
16837.45,0.001,16833.38,0.21567,BitMart,BTC/USDT,2022-11-11T19:22:33.274Z,4.07,20,16804.27
16837.52,0.24575,16833.33,0.10267,BitMart,BTC/USDT,2022-11-11T19:22:33.274Z,4.19,20,16775.43
16837.62,0.10664,16833.23,0.13594,BitMart,BTC/USDT,2022-11-11T19:22:33.274Z,4.39,20,16777.02
16837.72,0.0779,16833.19,0.27298,BitMart,BTC/USDT,2022-11-11T19:22:33.274Z,4.53,20,16789.4
16837.82,0.21551,16833.07,0.11978,BitMart,BTC/USDT,2022-11-11T19:22:33.274Z,4.75,20,16809.34
16837.92,0.17796,16832.97,0.07699,BitMart,BTC/USDT,2022-11-11T19:22:33.274Z,4.95,20,16815.31
16838.02,0.10476,16832.87,0.20746,BitMart,BTC/USDT,2022-11-11T19:22:33.274Z,5.15,20,16819.09
16838.12,0.26811,16832.23,0.29394,BitMart,BTC/USDT,2022-11-11T19:22:33.274Z,5.89,20,16816.21
16838.22,0.30696,16832.13,0.08452,BitMart,BTC/USDT,2022-11-11T19:22:33.274Z,6.09,20,16819.13
16838.33,0.10295,16832.03,0.14972,BitMart,BTC/USDT,2022-11-11T19:22:33.274Z,6.3,20,16819.12
16838.73,0.27452,16831.93,0.30395,BitMart,BTC/USDT,2022-11-11T19:22:33.274Z,6.8,20,16827.75
16829,0.002,16825.4,0.0019,Gate.io,BTC/USDT,2022-11-11T19:22:44.839Z,3.6,20,16671
16829.1,0.0345,16824.9,0.0121,Gate.io,BTC/USDT,2022-11-11T19:22:44.839Z,4.2,20,16717
16829.5,0.0345,16824.4,0.01,Gate.io,BTC/USDT,2022-11-11T19:22:44.839Z,5.1,20,16728.5
16830.7,0.003,16824.3,0.01,Gate.io,BTC/USDT,2022-11-11T19:22:44.839Z,6.4,20,16710
16830.8,0.002,16824.2,0.002,Gate.io,BTC/USDT,2022-11-11T19:22:44.839Z,6.6,20,16733.8
16831.9,0.0004,16823.5,0.0006,Gate.io,BTC/USDT,2022-11-11T19:22:44.839Z,8.4,20,16770.6
16832,0.0004,16823,0.0006,Gate.io,BTC/USDT,2022-11-11T19:22:44.839Z,9,20,16785
16832.1,0.0008,16821.9,0.001,Gate.io,BTC/USDT,2022-11-11T19:22:44.839Z,10.2,20,16787.2
16832.7,0.0008,16821.8,0.0025,Gate.io,BTC/USDT,2022-11-11T19:22:44.839Z,10.9,20,16839.6
16834.2,0.0099,16819.8,0.003,Gate.io,BTC/USDT,2022-11-11T19:22:44.839Z,14.4,20,16794.5
16834.7,0.0155,16819.5,0.0053,Gate.io,BTC/USDT,2022-11-11T19:22:44.839Z,15.2,20,16765.3
16835.7,0.01,16819.1,0.01,Gate.io,BTC/USDT,2022-11-11T19:22:44.839Z,16.6,20,16767.4
16835.9,0.0217,16818.4,0.0483,Gate.io,BTC/USDT,2022-11-11T19:22:44.839Z,17.5,20,16783.4
16836.9,0.0345,16818.2,1.4229,Gate.io,BTC/USDT,2022-11-11T19:22:44.839Z,18.7,20,16801.8
16838,0.005,16816.2,0.0407,Gate.io,BTC/USDT,2022-11-11T19:22:44.839Z,21.8,20,16812.6
16838.5,0.104,16816.1,0.0442,Gate.io,BTC/USDT,2022-11-11T19:22:44.839Z,22.4,20,16811.4
16839.2,0.0236,16815.7,0.0296,Gate.io,BTC/USDT,2022-11-11T19:22:44.839Z,23.5,20,16813.1
16840.5,0.093,16815.6,0.01,Gate.io,BTC/USDT,2022-11-11T19:22:44.839Z,24.9,20,16811.5
16841.3,1.4206,16815.4,0.0001,Gate.io,BTC/USDT,2022-11-11T19:22:44.839Z,25.9,20,16813.7
16844.8,0.0003,16815,7.7021,Gate.io,BTC/USDT,2022-11-11T19:22:44.839Z,29.8,20,16822.1
16835.03,0.011,16834.19,0.0394,Bitget,BTC/USDT,2022-11-11T19:22:56.762Z,0.84,20,16674.42
16835.19,0.0324,16834.02,0.0326,Bitget,BTC/USDT,2022-11-11T19:22:56.762Z,1.17,20,16720.87
16835.2,0.1115,16834,0.1479,Bitget,BTC/USDT,2022-11-11T19:22:56.762Z,1.2,20,16734.46
16835.53,0.4979,16833.75,0.117,Bitget,BTC/USDT,2022-11-11T19:22:56.762Z,1.78,20,16717.25
16837.78,0.012,16833.68,0.3519,Bitget,BTC/USDT,2022-11-11T19:22:56.762Z,4.1,20,16736.58
16837.93,0.0149,16833.67,0.117,Bitget,BTC/USDT,2022-11-11T19:22:56.762Z,4.26,20,16773.61
16838.08,0.0184,16833.51,0.8557,Bitget,BTC/USDT,2022-11-11T19:22:56.762Z,4.57,20,16788.96
16838.09,0.0122,16833.11,0.012,Bitget,BTC/USDT,2022-11-11T19:22:56.762Z,4.98,20,16793.81
16838.1,0.013,16832.96,0.0127,Bitget,BTC/USDT,2022-11-11T19:22:56.762Z,5.14,20,16844.62
16838.17,0.0806,16832.81,0.0136,Bitget,BTC/USDT,2022-11-11T19:22:56.762Z,5.36,20,16801.37
16838.34,0.08,16832.54,0.0237,Bitget,BTC/USDT,2022-11-11T19:22:56.762Z,5.8,20,16771.98
16838.54,0.0121,16832.53,0.0126,Bitget,BTC/USDT,2022-11-11T19:22:56.762Z,6.01,20,16770.6
16838.64,0.0746,16832.23,0.0348,Bitget,BTC/USDT,2022-11-11T19:22:56.762Z,6.41,20,16788.74
16838.66,0.1726,16832.22,0.02,Bitget,BTC/USDT,2022-11-11T19:22:56.762Z,6.44,20,16805.9
16838.69,0.0136,16832.17,0.028,Bitget,BTC/USDT,2022-11-11T19:22:56.762Z,6.52,20,16815.11
16839.06,1.0752,16832.14,0.012,Bitget,BTC/USDT,2022-11-11T19:22:56.762Z,6.92,20,16814.58
16839.07,0.0416,16832.12,0.4268,Bitget,BTC/USDT,2022-11-11T19:22:56.762Z,6.95,20,16815.02
16839.08,0.012,16832.11,0.8274,Bitget,BTC/USDT,2022-11-11T19:22:56.762Z,6.97,20,16821.64
16839.09,4.7448,16832.1,0.012,Bitget,BTC/USDT,2022-11-11T19:22:56.762Z,6.99,20,16816.46
16839.17,0.0489,16832.09,0.1388,Bitget,BTC/USDT,2022-11-11T19:22:56.762Z,7.08,20,16827.66
16841.99,0.00595,16840.96,0.2835,BitMart,BTC/USDT,2022-11-11T19:23:08.846Z,1.03,20,16677.04
16842.17,0.00231,16840.25,0.1527,BitMart,BTC/USDT,2022-11-11T19:23:08.846Z,1.92,20,16723.99
16842.29,0.0052,16840.15,0.15846,BitMart,BTC/USDT,2022-11-11T19:23:08.846Z,2.14,20,16736.49
16842.33,0.00119,16840.05,0.13063,BitMart,BTC/USDT,2022-11-11T19:23:08.846Z,2.28,20,16718.23
16842.34,0.00119,16839.95,0.1735,BitMart,BTC/USDT,2022-11-11T19:23:08.846Z,2.39,20,16736.57
16842.98,0.2099,16838.94,0.1346,BitMart,BTC/USDT,2022-11-11T19:23:08.846Z,4.04,20,16775.5
16843.18,0.13816,16835.69,2.759,BitMart,BTC/USDT,2022-11-11T19:23:08.846Z,7.49,20,16791.73
16843.28,0.1143,16833.17,1.26755,BitMart,BTC/USDT,2022-11-11T19:23:08.846Z,10.11,20,16793.95
16843.38,0.23187,16832.55,0.22551,BitMart,BTC/USDT,2022-11-11T19:23:08.846Z,10.83,20,16850.68
16843.49,0.23234,16832.45,0.16018,BitMart,BTC/USDT,2022-11-11T19:23:08.846Z,11.04,20,16804.27
16843.99,0.19892,16832.35,0.10665,BitMart,BTC/USDT,2022-11-11T19:23:08.846Z,11.64,20,16775.43
16844.29,0.25787,16832.25,0.25334,BitMart,BTC/USDT,2022-11-11T19:23:08.846Z,12.04,20,16777.02
16844.4,0.18937,16832.15,0.31834,BitMart,BTC/USDT,2022-11-11T19:23:08.846Z,12.25,20,16789.4
16844.5,0.22041,16832.05,0.30281,BitMart,BTC/USDT,2022-11-11T19:23:08.846Z,12.45,20,16809.34
16844.6,0.24084,16832.02,0.30522,BitMart,BTC/USDT,2022-11-11T19:23:08.846Z,12.58,20,16815.31
16844.7,0.17854,16831.92,0.24262,BitMart,BTC/USDT,2022-11-11T19:23:08.846Z,12.78,20,16819.09
16844.8,0.16729,16831.82,0.14773,BitMart,BTC/USDT,2022-11-11T19:23:08.846Z,12.98,20,16816.21
16845.1,0.17826,16831.72,0.21072,BitMart,BTC/USDT,2022-11-11T19:23:08.846Z,13.38,20,16819.13
16845.2,0.09595,16831.6,0.24599,BitMart,BTC/USDT,2022-11-11T19:23:08.846Z,13.6,20,16819.12
16845.31,0.20496,16831.42,0.30988,BitMart,BTC/USDT,2022-11-11T19:23:08.846Z,13.89,20,16827.75
16840,0.0295,16839.8,0.0001,Gate.io,BTC/USDT,2022-11-11T19:23:21.309Z,0.2,20,16717
16840.3,0.0001,16838.4,0.003,Gate.io,BTC/USDT,2022-11-11T19:23:21.309Z,1.9,20,16728.5
16841.9,0.0345,16836,0.002,Gate.io,BTC/USDT,2022-11-11T19:23:21.309Z,5.9,20,16710
16842.4,0.002,16835.1,0.0022,Gate.io,BTC/USDT,2022-11-11T19:23:21.309Z,7.3,20,16733.8
16842.9,1.2246,16834.6,0.0015,Gate.io,BTC/USDT,2022-11-11T19:23:21.309Z,8.3,20,16770.6
16843,0.0012,16834.5,0.0001,Gate.io,BTC/USDT,2022-11-11T19:23:21.309Z,8.5,20,16785
16843.2,0.0009,16833.6,0.002,Gate.io,BTC/USDT,2022-11-11T19:23:21.309Z,9.6,20,16787.2
16845,1.1067,16833.5,0.0006,Gate.io,BTC/USDT,2022-11-11T19:23:21.309Z,11.5,20,16839.6
16845.4,0.0099,16833,0.0005,Gate.io,BTC/USDT,2022-11-11T19:23:21.309Z,12.4,20,16794.5
16845.5,0.0832,16832.9,0.0011,Gate.io,BTC/USDT,2022-11-11T19:23:21.309Z,12.6,20,16765.3
16846.2,0.0049,16832.3,0.0001,Gate.io,BTC/USDT,2022-11-11T19:23:21.309Z,13.9,20,16767.4
16846.8,0.0258,16831.8,0.0017,Gate.io,BTC/USDT,2022-11-11T19:23:21.309Z,15,20,16783.4
16847.8,1.422,16831.2,0.0023,Gate.io,BTC/USDT,2022-11-11T19:23:21.309Z,16.6,20,16801.8
16849.4,0.097,16830.7,0.0133,Gate.io,BTC/USDT,2022-11-11T19:23:21.309Z,18.7,20,16812.6
16850,0.0856,16830.6,0.01,Gate.io,BTC/USDT,2022-11-11T19:23:21.309Z,19.4,20,16811.4
16850.1,0.1407,16829.4,0.0373,Gate.io,BTC/USDT,2022-11-11T19:23:21.309Z,20.7,20,16813.1
16850.3,0.0003,16828.8,1.4228,Gate.io,BTC/USDT,2022-11-11T19:23:21.309Z,21.5,20,16811.5
16850.4,0.001,16826.7,0.0304,Gate.io,BTC/USDT,2022-11-11T19:23:21.309Z,23.7,20,16813.7
16854.2,0.0143,16825.3,0.058,Gate.io,BTC/USDT,2022-11-11T19:23:21.309Z,28.9,20,16822.1
16854.4,0.0358,16824.9,0.0121,Gate.io,BTC/USDT,2022-11-11T19:23:21.309Z,29.5,20,16826.7
16846.82,0.1172,16843.61,0.0135,Bitget,BTC/USDT,2022-11-11T19:23:33.520Z,3.21,20,16720.87
16847.21,0.1175,16843.46,0.0124,Bitget,BTC/USDT,2022-11-11T19:23:33.520Z,3.75,20,16734.46
16848.34,0.013,16843.31,0.0145,Bitget,BTC/USDT,2022-11-11T19:23:33.520Z,5.03,20,16717.25
16848.49,0.012,16843.16,0.0132,Bitget,BTC/USDT,2022-11-11T19:23:33.520Z,5.33,20,16736.58
16848.64,0.012,16842.92,0.1569,Bitget,BTC/USDT,2022-11-11T19:23:33.520Z,5.72,20,16773.61
16848.79,0.0148,16842.9,0.3508,Bitget,BTC/USDT,2022-11-11T19:23:33.520Z,5.89,20,16788.96
16848.8,0.0131,16842.87,0.032,Bitget,BTC/USDT,2022-11-11T19:23:33.520Z,5.93,20,16793.81
16850.2,0.012,16842.42,0.0761,Bitget,BTC/USDT,2022-11-11T19:23:33.520Z,7.78,20,16844.62
16850.5,0.08,16842.37,0.2239,Bitget,BTC/USDT,2022-11-11T19:23:33.520Z,8.13,20,16801.37
16850.61,0.0329,16842.36,0.2239,Bitget,BTC/USDT,2022-11-11T19:23:33.520Z,8.25,20,16771.98
16851.01,0.0149,16841.96,2.6391,Bitget,BTC/USDT,2022-11-11T19:23:33.520Z,9.05,20,16770.6
16851.08,1.2284,16841.95,0.2,Bitget,BTC/USDT,2022-11-11T19:23:33.520Z,9.13,20,16788.74
16851.09,1.1999,16841.91,0.0129,Bitget,BTC/USDT,2022-11-11T19:23:33.520Z,9.18,20,16805.9
16851.15,0.0177,16841.81,4.2491,Bitget,BTC/USDT,2022-11-11T19:23:33.520Z,9.34,20,16815.11
16851.46,0.1828,16841.76,0.012,Bitget,BTC/USDT,2022-11-11T19:23:33.520Z,9.7,20,16814.58
16851.53,0.0144,16841.37,0.012,Bitget,BTC/USDT,2022-11-11T19:23:33.520Z,10.16,20,16815.02
16851.61,0.1,16841.17,0.012,Bitget,BTC/USDT,2022-11-11T19:23:33.520Z,10.44,20,16821.64
16851.64,0.0838,16841.14,0.0599,Bitget,BTC/USDT,2022-11-11T19:23:33.520Z,10.5,20,16816.46
16851.77,3.2415,16841.1,0.02,Bitget,BTC/USDT,2022-11-11T19:23:33.520Z,10.67,20,16827.66
16851.85,0.0177,16841.04,0.04,Bitget,BTC/USDT,2022-11-11T19:23:33.520Z,10.81,20,16833.25
16843.27,0.0013,16843.24,0.0233,BitMart,BTC/USDT,2022-11-11T19:23:45.683Z,0.03,20,16723.99
16843.7,0.22677,16843.18,0.00689,BitMart,BTC/USDT,2022-11-11T19:23:45.683Z,0.52,20,16736.49
16843.72,0.02472,16842.34,0.00353,BitMart,BTC/USDT,2022-11-11T19:23:45.683Z,1.38,20,16718.23
16843.9,0.20142,16841.66,0.3057,BitMart,BTC/USDT,2022-11-11T19:23:45.683Z,2.24,20,16736.57
16844.1,0.1502,16841.36,0.17457,BitMart,BTC/USDT,2022-11-11T19:23:45.683Z,2.74,20,16775.5
16844.41,0.13284,16841.26,0.30129,BitMart,BTC/USDT,2022-11-11T19:23:45.683Z,3.15,20,16791.73
16844.51,0.29176,16840.99,0.19261,BitMart,BTC/USDT,2022-11-11T19:23:45.683Z,3.52,20,16793.95
16844.65,0.25609,16840.96,0.09477,BitMart,BTC/USDT,2022-11-11T19:23:45.683Z,3.69,20,16850.68
16844.79,0.14584,16840.79,0.30408,BitMart,BTC/USDT,2022-11-11T19:23:45.683Z,4,20,16804.27
16844.89,0.30578,16840.69,0.30732,BitMart,BTC/USDT,2022-11-11T19:23:45.683Z,4.2,20,16775.43
16844.91,0.20462,16840.55,0.3011,BitMart,BTC/USDT,2022-11-11T19:23:45.683Z,4.36,20,16777.02
16845.12,0.16979,16840.45,0.31623,BitMart,BTC/USDT,2022-11-11T19:23:45.683Z,4.67,20,16789.4
16845.14,0.19019,16840.35,0.19617,BitMart,BTC/USDT,2022-11-11T19:23:45.683Z,4.79,20,16809.34
16845.24,0.30152,16840.25,0.09867,BitMart,BTC/USDT,2022-11-11T19:23:45.683Z,4.99,20,16815.31
16845.34,0.1644,16839.91,0.001,BitMart,BTC/USDT,2022-11-11T19:23:45.683Z,5.43,20,16819.09
16845.44,0.07144,16834.07,1.10345,BitMart,BTC/USDT,2022-11-11T19:23:45.683Z,11.37,20,16816.21
16845.54,0.26122,16830.64,1.27198,BitMart,BTC/USDT,2022-11-11T19:23:45.683Z,14.9,20,16819.13
16845.64,0.11026,16826.16,3.55531,BitMart,BTC/USDT,2022-11-11T19:23:45.683Z,19.48,20,16819.12
16845.74,0.2202,16822.19,3.40228,BitMart,BTC/USDT,2022-11-11T19:23:45.683Z,23.55,20,16827.75
16845.84,0.23481,16819.35,3.6913,BitMart,BTC/USDT,2022-11-11T19:23:45.683Z,26.49,20,16834.08
16825.6,0.0012,16823.6,0.0004,Gate.io,BTC/USDT,2022-11-11T19:23:58.615Z,2,20,16717
16825.8,0.0001,16822,0.002,Gate.io,BTC/USDT,2022-11-11T19:23:58.615Z,3.8,20,16728.5
16829.5,0.0043,16821.6,0.003,Gate.io,BTC/USDT,2022-11-11T19:23:58.615Z,7.9,20,16710
16829.7,2.1367,16821.5,0.0214,Gate.io,BTC/USDT,2022-11-11T19:23:58.615Z,8.2,20,16733.8
16831.3,0.0011,16819.5,0.0001,Gate.io,BTC/USDT,2022-11-11T19:23:58.615Z,11.8,20,16770.6
16832.4,0.0004,16819.2,0.002,Gate.io,BTC/USDT,2022-11-11T19:23:58.615Z,13.2,20,16785
16833.3,0.001,16818.8,1.4229,Gate.io,BTC/USDT,2022-11-11T19:23:58.615Z,14.5,20,16787.2
16833.4,0.0008,16816.9,0.0023,Gate.io,BTC/USDT,2022-11-11T19:23:58.615Z,16.5,20,16839.6
16834.1,0.0384,16816.4,0.0039,Gate.io,BTC/USDT,2022-11-11T19:23:58.615Z,17.7,20,16794.5
16834.6,0.0356,16816.2,0.0364,Gate.io,BTC/USDT,2022-11-11T19:23:58.615Z,18.4,20,16765.3
16835.6,0.0032,16816.1,0.0345,Gate.io,BTC/USDT,2022-11-11T19:23:58.615Z,19.5,20,16767.4
16838,1.4234,16815.4,0.0001,Gate.io,BTC/USDT,2022-11-11T19:23:58.615Z,22.6,20,16783.4
16843.7,0.0296,16814.7,0.0123,Gate.io,BTC/USDT,2022-11-11T19:23:58.615Z,29,20,16801.8
16845.4,0.0007,16812.2,0.01,Gate.io,BTC/USDT,2022-11-11T19:23:58.615Z,33.2,20,16812.6
16846,0.01,16811.9,2.3063,Gate.io,BTC/USDT,2022-11-11T19:23:58.615Z,34.1,20,16811.4
16846.1,0.0224,16811.8,0.0755,Gate.io,BTC/USDT,2022-11-11T19:23:58.615Z,34.3,20,16813.1
16847.5,0.001,16811.3,0.0296,Gate.io,BTC/USDT,2022-11-11T19:23:58.615Z,36.2,20,16811.5
16847.7,2.3063,16811.1,0.01,Gate.io,BTC/USDT,2022-11-11T19:23:58.615Z,36.6,20,16813.7
16849,0.0292,16810.6,0.01,Gate.io,BTC/USDT,2022-11-11T19:23:58.615Z,38.4,20,16822.1
16849.2,0.0001,16809.8,0.0019,Gate.io,BTC/USDT,2022-11-11T19:23:58.615Z,39.4,20,16821.5
16818.2,0.0126,16813.86,0.117,Bitget,BTC/USDT,2022-11-11T19:24:09.996Z,4.34,20,16734.46
16818.35,0.0142,16813.71,0.1174,Bitget,BTC/USDT,2022-11-11T19:24:09.996Z,4.64,20,16717.25
16818.5,0.0236,16813.7,0.1175,Bitget,BTC/USDT,2022-11-11T19:24:09.996Z,4.8,20,16736.58
16818.57,0.012,16813.69,0.2349,Bitget,BTC/USDT,2022-11-11T19:24:09.996Z,4.88,20,16773.61
16818.62,0.018,16813.46,0.0138,Bitget,BTC/USDT,2022-11-11T19:24:09.996Z,5.16,20,16788.96
16818.63,0.0144,16813.31,0.012,Bitget,BTC/USDT,2022-11-11T19:24:09.996Z,5.32,20,16793.81
16818.64,0.0127,16813.16,0.0129,Bitget,BTC/USDT,2022-11-11T19:24:09.996Z,5.48,20,16844.62
16818.68,0.012,16813.11,0.9784,Bitget,BTC/USDT,2022-11-11T19:24:09.996Z,5.57,20,16801.37
16818.85,0.086,16812.98,0.0148,Bitget,BTC/USDT,2022-11-11T19:24:09.996Z,5.87,20,16771.98
16819.25,0.0132,16812.93,0.012,Bitget,BTC/USDT,2022-11-11T19:24:09.996Z,6.32,20,16770.6
16819.29,0.1387,16812.92,0.0201,Bitget,BTC/USDT,2022-11-11T19:24:09.996Z,6.37,20,16788.74
16819.45,0.012,16812.91,17.8407,Bitget,BTC/USDT,2022-11-11T19:24:09.996Z,6.54,20,16805.9
16819.5,0.1699,16812.89,0.012,Bitget,BTC/USDT,2022-11-11T19:24:09.996Z,6.61,20,16815.11
16819.51,0.027,16812.8,0.0134,Bitget,BTC/USDT,2022-11-11T19:24:09.996Z,6.71,20,16814.58
16819.65,0.1726,16812.79,0.0259,Bitget,BTC/USDT,2022-11-11T19:24:09.996Z,6.86,20,16815.02
16819.69,0.0217,16812.76,0.06,Bitget,BTC/USDT,2022-11-11T19:24:09.996Z,6.93,20,16821.64
16819.73,0.0133,16812.74,0.0131,Bitget,BTC/USDT,2022-11-11T19:24:09.996Z,6.99,20,16816.46
16819.78,0.012,16812.68,0.021,Bitget,BTC/USDT,2022-11-11T19:24:09.996Z,7.1,20,16827.66
16819.8,0.012,16812.6,0.012,Bitget,BTC/USDT,2022-11-11T19:24:09.996Z,7.2,20,16826.15
16819.81,0.0617,16812.54,0.1726,Bitget,BTC/USDT,2022-11-11T19:24:09.996Z,7.27,20,16815.27
16807.92,0.31918,16807.35,0.01733,BitMart,BTC/USDT,2022-11-11T19:24:21.617Z,0.57,20,16736.49
16808.02,0.07517,16806.82,0.02431,BitMart,BTC/USDT,2022-11-11T19:24:21.617Z,1.2,20,16718.23
16808.12,0.279,16806.22,0.31326,BitMart,BTC/USDT,2022-11-11T19:24:21.617Z,1.9,20,16736.57
16808.22,0.07157,16805.97,0.0124,BitMart,BTC/USDT,2022-11-11T19:24:21.617Z,2.25,20,16775.5
16808.32,0.12244,16805.72,0.24908,BitMart,BTC/USDT,2022-11-11T19:24:21.617Z,2.6,20,16791.73
16808.42,0.17558,16804.81,0.29593,BitMart,BTC/USDT,2022-11-11T19:24:21.617Z,3.61,20,16793.95
16808.63,0.17562,16804.71,0.31169,BitMart,BTC/USDT,2022-11-11T19:24:21.617Z,3.92,20,16850.68
16808.73,0.30854,16800.31,2.50058,BitMart,BTC/USDT,2022-11-11T19:24:21.617Z,8.42,20,16804.27
16808.83,0.17075,16797.18,3.17047,BitMart,BTC/USDT,2022-11-11T19:24:21.617Z,11.65,20,16775.43
16809.03,0.26841,16793.49,1.64108,BitMart,BTC/USDT,2022-11-11T19:24:21.617Z,15.54,20,16777.02
16809.73,0.21606,16789.66,1.57083,BitMart,BTC/USDT,2022-11-11T19:24:21.617Z,20.07,20,16789.4
16812.43,1.89241,16785.26,3.88411,BitMart,BTC/USDT,2022-11-11T19:24:21.617Z,27.17,20,16809.34
16815.78,3.79039,16782.65,1.74751,BitMart,BTC/USDT,2022-11-11T19:24:21.617Z,33.13,20,16815.31
16820.06,2.15868,16780.62,1.3519,BitMart,BTC/USDT,2022-11-11T19:24:21.617Z,39.44,20,16819.09
16823.96,2.88519,16778.07,2.01182,BitMart,BTC/USDT,2022-11-11T19:24:21.617Z,45.89,20,16816.21
16824.75,1.0645,16775.56,2.03603,BitMart,BTC/USDT,2022-11-11T19:24:21.617Z,49.19,20,16819.13
16827.28,3.35227,16771.8,3.05659,BitMart,BTC/USDT,2022-11-11T19:24:21.617Z,55.48,20,16819.12
16828.89,1.58228,16769.2,3.25805,BitMart,BTC/USDT,2022-11-11T19:24:21.617Z,59.69,20,16827.75
16830.15,0.89738,16765.78,2.65239,BitMart,BTC/USDT,2022-11-11T19:24:21.617Z,64.37,20,16828.14
16832.67,2.08323,16763.06,1.214,BitMart,BTC/USDT,2022-11-11T19:24:21.617Z,69.61,20,16816.29
16803.3,0.0029,16801.4,0.0002,Gate.io,BTC/USDT,2022-11-11T19:24:32.936Z,1.9,20,16728.5
16803.6,0.0005,16799.3,0.0099,Gate.io,BTC/USDT,2022-11-11T19:24:32.936Z,4.3,20,16710
16805.1,0.0031,16799,0.0029,Gate.io,BTC/USDT,2022-11-11T19:24:32.936Z,6.1,20,16733.8
16805.6,0.01,16798.6,0.003,Gate.io,BTC/USDT,2022-11-11T19:24:32.936Z,7,20,16770.6
16806,0.0005,16798.1,0.0012,Gate.io,BTC/USDT,2022-11-11T19:24:32.936Z,7.9,20,16785
16806.9,0.002,16798,0.01,Gate.io,BTC/USDT,2022-11-11T19:24:32.936Z,8.9,20,16787.2
16808,0.0154,16797.7,0.0022,Gate.io,BTC/USDT,2022-11-11T19:24:32.936Z,10.3,20,16839.6
16815.2,0.0029,16797.6,0.0009,Gate.io,BTC/USDT,2022-11-11T19:24:32.936Z,17.6,20,16794.5
16815.3,0.0001,16793.4,0.012,Gate.io,BTC/USDT,2022-11-11T19:24:32.936Z,21.9,20,16765.3
16816.2,1.4283,16793.2,0.0024,Gate.io,BTC/USDT,2022-11-11T19:24:32.936Z,23,20,16767.4
16816.8,0.0155,16790.8,0.02,Gate.io,BTC/USDT,2022-11-11T19:24:32.936Z,26,20,16783.4
16817.9,0.0098,16790.5,0.0136,Gate.io,BTC/USDT,2022-11-11T19:24:32.936Z,27.4,20,16801.8
16818.6,0.0064,16790.1,0.0002,Gate.io,BTC/USDT,2022-11-11T19:24:32.936Z,28.5,20,16812.6
16818.7,0.0929,16790,0.01,Gate.io,BTC/USDT,2022-11-11T19:24:32.936Z,28.7,20,16811.4
16819.4,0.0118,16789.5,0.0024,Gate.io,BTC/USDT,2022-11-11T19:24:32.936Z,29.9,20,16813.1
16820.6,0.6063,16788.5,1.4206,Gate.io,BTC/USDT,2022-11-11T19:24:32.936Z,32.1,20,16811.5
16824.6,2.3063,16786.5,0.0216,Gate.io,BTC/USDT,2022-11-11T19:24:32.936Z,38.1,20,16813.7
16825,0.0302,16786,0.0035,Gate.io,BTC/USDT,2022-11-11T19:24:32.936Z,39,20,16822.1
16826.2,0.0535,16784.4,0.0435,Gate.io,BTC/USDT,2022-11-11T19:24:32.936Z,41.8,20,16821.5
16827.5,0.0597,16783.4,0.0031,Gate.io,BTC/USDT,2022-11-11T19:24:32.936Z,44.1,20,16793.4
16805.65,0.0785,16804.98,0.6978,Bitget,BTC/USDT,2022-11-11T19:24:45.957Z,0.67,20,16734.46
16805.66,0.2449,16804.97,0.0325,Bitget,BTC/USDT,2022-11-11T19:24:45.957Z,0.69,20,16717.25
16805.81,0.0381,16804.15,0.0346,Bitget,BTC/USDT,2022-11-11T19:24:45.957Z,1.66,20,16736.58
16805.82,0.2237,16803.28,1.0708,Bitget,BTC/USDT,2022-11-11T19:24:45.957Z,2.54,20,16773.61
16805.83,0.1511,16801.97,0.0182,Bitget,BTC/USDT,2022-11-11T19:24:45.957Z,3.86,20,16788.96
16806.68,0.0122,16801.82,0.0296,Bitget,BTC/USDT,2022-11-11T19:24:45.957Z,4.86,20,16793.81
16806.83,0.012,16801.67,0.0779,Bitget,BTC/USDT,2022-11-11T19:24:45.957Z,5.16,20,16844.62
16806.98,0.0171,16801.56,0.012,Bitget,BTC/USDT,2022-11-11T19:24:45.957Z,5.42,20,16801.37
16806.99,0.0766,16801.54,0.2,Bitget,BTC/USDT,2022-11-11T19:24:45.957Z,5.45,20,16771.98
16807.68,0.2194,16801.47,0.0206,Bitget,BTC/USDT,2022-11-11T19:24:45.957Z,6.21,20,16770.6
16808.04,0.012,16801.42,0.0134,Bitget,BTC/USDT,2022-11-11T19:24:45.957Z,6.62,20,16788.74
16808.19,0.0231,16800.69,0.1,Bitget,BTC/USDT,2022-11-11T19:24:45.957Z,7.5,20,16805.9
16808.44,0.0228,16800.12,0.48,Bitget,BTC/USDT,2022-11-11T19:24:45.957Z,8.32,20,16815.11
16808.93,0.012,16799.96,0.08,Bitget,BTC/USDT,2022-11-11T19:24:45.957Z,8.97,20,16814.58
16808.94,0.0136,16799.89,0.04,Bitget,BTC/USDT,2022-11-11T19:24:45.957Z,9.05,20,16815.02
16809,0.08,16799.61,0.2675,Bitget,BTC/USDT,2022-11-11T19:24:45.957Z,9.39,20,16821.64
16809.09,0.02,16798.67,0.0135,Bitget,BTC/USDT,2022-11-11T19:24:45.957Z,10.42,20,16816.46
16809.12,0.0144,16798.61,0.04,Bitget,BTC/USDT,2022-11-11T19:24:45.957Z,10.51,20,16827.66
16809.31,0.0655,16798.54,2.0404,Bitget,BTC/USDT,2022-11-11T19:24:45.957Z,10.77,20,16826.15
16809.38,0.0143,16797.41,3.9384,Bitget,BTC/USDT,2022-11-11T19:24:45.957Z,11.97,20,16795.02
16807.77,0.01993,16807.25,0.2722,BitMart,BTC/USDT,2022-11-11T19:24:58.125Z,0.52,20,16736.49
16808.48,0.25854,16807.18,0.00209,BitMart,BTC/USDT,2022-11-11T19:24:58.125Z,1.3,20,16718.23
16809.09,0.19773,16806.93,0.00241,BitMart,BTC/USDT,2022-11-11T19:24:58.125Z,2.16,20,16736.57
16810.18,0.19852,16806.85,0.29469,BitMart,BTC/USDT,2022-11-11T19:24:58.125Z,3.33,20,16775.5
16810.28,0.1289,16806.65,0.08785,BitMart,BTC/USDT,2022-11-11T19:24:58.125Z,3.63,20,16791.73
16810.38,0.23688,16806.44,0.15429,BitMart,BTC/USDT,2022-11-11T19:24:58.125Z,3.94,20,16793.95
16810.48,0.22568,16806.34,0.17862,BitMart,BTC/USDT,2022-11-11T19:24:58.125Z,4.14,20,16850.68
16810.58,0.30448,16806.15,0.12887,BitMart,BTC/USDT,2022-11-11T19:24:58.125Z,4.43,20,16804.27
16813.42,2.597,16805.94,0.11447,BitMart,BTC/USDT,2022-11-11T19:24:58.125Z,7.48,20,16775.43
16817.24,2.06892,16804.94,0.15613,BitMart,BTC/USDT,2022-11-11T19:24:58.125Z,12.3,20,16777.02
16820.06,2.15868,16804.93,0.24612,BitMart,BTC/USDT,2022-11-11T19:24:58.125Z,15.13,20,16789.4
16823.96,2.88519,16803.92,0.29945,BitMart,BTC/USDT,2022-11-11T19:24:58.125Z,20.04,20,16809.34
16824.75,1.0645,16801.29,1.63506,BitMart,BTC/USDT,2022-11-11T19:24:58.125Z,23.46,20,16815.31
16827.28,3.35227,16800.97,0.001,BitMart,BTC/USDT,2022-11-11T19:24:58.125Z,26.31,20,16819.09
16828.89,1.58228,16800.19,0.001,BitMart,BTC/USDT,2022-11-11T19:24:58.125Z,28.7,20,16816.21
16830.15,0.89738,16798.77,3.49444,BitMart,BTC/USDT,2022-11-11T19:24:58.125Z,31.38,20,16819.13
16832.67,2.08323,16795.97,2.15392,BitMart,BTC/USDT,2022-11-11T19:24:58.125Z,36.7,20,16819.12
16833.48,2.94069,16793.49,1.64108,BitMart,BTC/USDT,2022-11-11T19:24:58.125Z,39.99,20,16827.75
16837.02,2.33714,16789.66,1.57083,BitMart,BTC/USDT,2022-11-11T19:24:58.125Z,47.36,20,16828.14
16839.54,1.78547,16785.26,3.88411,BitMart,BTC/USDT,2022-11-11T19:24:58.125Z,54.28,20,16798.69
16803.4,0.0001,16799.5,0.003,Gate.io,BTC/USDT,2022-11-11T19:25:09.894Z,3.9,20,16710
16804.7,0.0137,16799.2,0.002,Gate.io,BTC/USDT,2022-11-11T19:25:09.894Z,5.5,20,16733.8
16804.9,0.0095,16797.9,0.0092,Gate.io,BTC/USDT,2022-11-11T19:25:09.894Z,7,20,16770.6
16805,0.0098,16797.6,0.002,Gate.io,BTC/USDT,2022-11-11T19:25:09.894Z,7.4,20,16785
16805.1,0.001,16796.7,0.01,Gate.io,BTC/USDT,2022-11-11T19:25:09.894Z,8.4,20,16787.2
16805.3,0.003,16795.2,0.0022,Gate.io,BTC/USDT,2022-11-11T19:25:09.894Z,10.1,20,16839.6
16805.8,0.0044,16793.5,0.0023,Gate.io,BTC/USDT,2022-11-11T19:25:09.894Z,12.3,20,16794.5
16805.9,0.0654,16793.4,0.0129,Gate.io,BTC/USDT,2022-11-11T19:25:09.894Z,12.5,20,16765.3
16806.1,0.001,16792.8,0.01,Gate.io,BTC/USDT,2022-11-11T19:25:09.894Z,13.3,20,16767.4
16809.1,0.0038,16792.1,0.0032,Gate.io,BTC/USDT,2022-11-11T19:25:09.894Z,17,20,16783.4
16809.9,0.001,16790.6,0.0725,Gate.io,BTC/USDT,2022-11-11T19:25:09.894Z,19.3,20,16801.8
16810.7,0.0001,16790.5,0.0041,Gate.io,BTC/USDT,2022-11-11T19:25:09.894Z,20.2,20,16812.6
16810.8,0.0118,16790.1,0.0002,Gate.io,BTC/USDT,2022-11-11T19:25:09.894Z,20.7,20,16811.4
16811.3,0.004,16790,0.01,Gate.io,BTC/USDT,2022-11-11T19:25:09.894Z,21.3,20,16813.1
16811.4,0.0158,16789.5,0.0352,Gate.io,BTC/USDT,2022-11-11T19:25:09.894Z,21.9,20,16811.5
16812.8,0.0236,16788.1,0.0435,Gate.io,BTC/USDT,2022-11-11T19:25:09.894Z,24.7,20,16813.7
16813.6,0.0084,16786.4,1.4206,Gate.io,BTC/USDT,2022-11-11T19:25:09.894Z,27.2,20,16822.1
16815.3,0.0001,16786.2,0.062,Gate.io,BTC/USDT,2022-11-11T19:25:09.894Z,29.1,20,16821.5
16816.2,0.0058,16786,0.0296,Gate.io,BTC/USDT,2022-11-11T19:25:09.894Z,30.2,20,16793.4
16816.8,0.0155,16785.8,2.3063,Gate.io,BTC/USDT,2022-11-11T19:25:09.894Z,31,20,16799.9
16794.74,0.117,16792.89,0.118,Bitget,BTC/USDT,2022-11-11T19:25:21.862Z,1.85,20,16717.25
16795,0.08,16792.88,0.1176,Bitget,BTC/USDT,2022-11-11T19:25:21.862Z,2.12,20,16736.58
16795.74,0.0383,16792.14,0.1177,Bitget,BTC/USDT,2022-11-11T19:25:21.862Z,3.6,20,16773.61
16795.87,0.5558,16791.48,0.0717,Bitget,BTC/USDT,2022-11-11T19:25:21.862Z,4.39,20,16788.96
16796.56,0.1371,16790.61,0.012,Bitget,BTC/USDT,2022-11-11T19:25:21.862Z,5.95,20,16793.81
16796.89,5.0414,16789.99,0.0985,Bitget,BTC/USDT,2022-11-11T19:25:21.862Z,6.9,20,16844.62
16796.93,0.0655,16789.91,0.402,Bitget,BTC/USDT,2022-11-11T19:25:21.862Z,7.02,20,16801.37
16797.67,0.0617,16789.77,0.012,Bitget,BTC/USDT,2022-11-11T19:25:21.862Z,7.9,20,16771.98
16797.68,0.1257,16789.74,0.08,Bitget,BTC/USDT,2022-11-11T19:25:21.862Z,7.94,20,16770.6
16797.77,0.0179,16789.11,0.0238,Bitget,BTC/USDT,2022-11-11T19:25:21.862Z,8.66,20,16788.74
16797.79,0.1165,16789.01,0.0338,Bitget,BTC/USDT,2022-11-11T19:25:21.862Z,8.78,20,16805.9
16797.81,0.0236,16788.91,0.0124,Bitget,BTC/USDT,2022-11-11T19:25:21.862Z,8.9,20,16815.11
16798.08,0.0177,16788.81,0.0228,Bitget,BTC/USDT,2022-11-11T19:25:21.862Z,9.27,20,16814.58
16798.09,0.0148,16788.66,0.5502,Bitget,BTC/USDT,2022-11-11T19:25:21.862Z,9.43,20,16815.02
16798.1,0.8402,16788.65,0.0276,Bitget,BTC/USDT,2022-11-11T19:25:21.862Z,9.45,20,16821.64
16798.11,0.0398,16788.64,0.041,Bitget,BTC/USDT,2022-11-11T19:25:21.862Z,9.47,20,16816.46
16798.25,0.0145,16788.62,0.1831,Bitget,BTC/USDT,2022-11-11T19:25:21.862Z,9.63,20,16827.66
16798.29,0.0142,16788.59,0.0128,Bitget,BTC/USDT,2022-11-11T19:25:21.862Z,9.7,20,16826.15
16798.38,0.0149,16788.56,0.012,Bitget,BTC/USDT,2022-11-11T19:25:21.862Z,9.82,20,16795.02
16798.39,1.5911,16788.47,0.0134,Bitget,BTC/USDT,2022-11-11T19:25:21.862Z,9.92,20,16793.32
16791.22,0.00922,16791.19,0.00119,BitMart,BTC/USDT,2022-11-11T19:25:33.504Z,0.03,20,16736.49
16791.23,0.01515,16790.54,0.0026,BitMart,BTC/USDT,2022-11-11T19:25:33.504Z,0.69,20,16718.23
16791.81,0.13774,16789.94,0.1493,BitMart,BTC/USDT,2022-11-11T19:25:33.504Z,1.87,20,16736.57
16791.84,0.12624,16789.33,0.24402,BitMart,BTC/USDT,2022-11-11T19:25:33.504Z,2.51,20,16775.5
16791.94,0.18755,16789.23,0.12104,BitMart,BTC/USDT,2022-11-11T19:25:33.504Z,2.71,20,16791.73
16792.12,0.27636,16789.13,0.22165,BitMart,BTC/USDT,2022-11-11T19:25:33.504Z,2.99,20,16793.95
16793.22,0.09418,16789.03,0.19966,BitMart,BTC/USDT,2022-11-11T19:25:33.504Z,4.19,20,16850.68
16793.33,0.09532,16788.93,0.15525,BitMart,BTC/USDT,2022-11-11T19:25:33.504Z,4.4,20,16804.27
16793.43,0.1647,16788.83,0.27166,BitMart,BTC/USDT,2022-11-11T19:25:33.504Z,4.6,20,16775.43
16793.53,0.19061,16788.73,0.09824,BitMart,BTC/USDT,2022-11-11T19:25:33.504Z,4.8,20,16777.02
16793.63,0.31838,16788.63,0.14066,BitMart,BTC/USDT,2022-11-11T19:25:33.504Z,5,20,16789.4
16793.73,0.16608,16787.92,0.26307,BitMart,BTC/USDT,2022-11-11T19:25:33.504Z,5.81,20,16809.34
16793.93,0.16546,16785.89,0.07246,BitMart,BTC/USDT,2022-11-11T19:25:33.504Z,8.04,20,16815.31
16794.13,0.11126,16781.13,1.75114,BitMart,BTC/USDT,2022-11-11T19:25:33.504Z,13,20,16819.09
16797.13,2.34722,16778.07,2.01182,BitMart,BTC/USDT,2022-11-11T19:25:33.504Z,19.06,20,16816.21
16797.66,1.45466,16775.56,2.03603,BitMart,BTC/USDT,2022-11-11T19:25:33.504Z,22.1,20,16819.13
16798.86,3.95322,16771.8,3.05659,BitMart,BTC/USDT,2022-11-11T19:25:33.504Z,27.06,20,16819.12
16802.72,3.78545,16769.2,3.25805,BitMart,BTC/USDT,2022-11-11T19:25:33.504Z,33.52,20,16827.75
16805.24,2.62946,16765.78,2.65239,BitMart,BTC/USDT,2022-11-11T19:25:33.504Z,39.46,20,16828.14
16806.17,1.80256,16763.06,1.214,BitMart,BTC/USDT,2022-11-11T19:25:33.504Z,43.11,20,16798.69
16809.5,0.0315,16805.3,0.0012,Gate.io,BTC/USDT,2022-11-11T19:25:43.925Z,4.2,20,16710
16809.6,0.0315,16805.2,0.0613,Gate.io,BTC/USDT,2022-11-11T19:25:43.925Z,4.4,20,16733.8
16809.7,0.0058,16804.7,0.003,Gate.io,BTC/USDT,2022-11-11T19:25:43.925Z,5,20,16770.6
16809.8,0.0064,16804,0.002,Gate.io,BTC/USDT,2022-11-11T19:25:43.925Z,5.8,20,16785
16810.4,0.0146,16802.4,0.0023,Gate.io,BTC/USDT,2022-11-11T19:25:43.925Z,8,20,16787.2
16810.8,0.0118,16801.1,0.0345,Gate.io,BTC/USDT,2022-11-11T19:25:43.925Z,9.7,20,16839.6
16810.9,0.002,16801,0.0011,Gate.io,BTC/USDT,2022-11-11T19:25:43.925Z,9.9,20,16794.5
16811.3,0.004,16800,0.0011,Gate.io,BTC/USDT,2022-11-11T19:25:43.925Z,11.3,20,16765.3
16811.4,0.0158,16798.6,0.0024,Gate.io,BTC/USDT,2022-11-11T19:25:43.925Z,12.8,20,16767.4
16811.5,0.0001,16797.3,0.0109,Gate.io,BTC/USDT,2022-11-11T19:25:43.925Z,14.2,20,16783.4
16812.8,0.0236,16796.9,0.0084,Gate.io,BTC/USDT,2022-11-11T19:25:43.925Z,15.9,20,16801.8
16813.6,0.001,16796,0.01,Gate.io,BTC/USDT,2022-11-11T19:25:43.925Z,17.6,20,16812.6
16814.5,0.0001,16793.7,0.0155,Gate.io,BTC/USDT,2022-11-11T19:25:43.925Z,20.8,20,16811.4
16815.3,0.0001,16793.6,0.002,Gate.io,BTC/USDT,2022-11-11T19:25:43.925Z,21.7,20,16813.1
16816.2,0.0029,16793.1,0.0031,Gate.io,BTC/USDT,2022-11-11T19:25:43.925Z,23.1,20,16811.5
16816.8,0.0155,16791.2,0.01,Gate.io,BTC/USDT,2022-11-11T19:25:43.925Z,25.6,20,16813.7
16817.8,0.0927,16790.9,1.4206,Gate.io,BTC/USDT,2022-11-11T19:25:43.925Z,26.9,20,16822.1
16818.6,0.0064,16788.7,0.0034,Gate.io,BTC/USDT,2022-11-11T19:25:43.925Z,29.9,20,16821.5
16819.4,0.0118,16788.3,0.0291,Gate.io,BTC/USDT,2022-11-11T19:25:43.925Z,31.1,20,16793.4
16820.6,0.028,16786.4,0.0145,Gate.io,BTC/USDT,2022-11-11T19:25:43.925Z,34.2,20,16782.6
16804.13,0.4306,16802.5,0.1,Bitget,BTC/USDT,2022-11-11T19:25:56.264Z,1.63,20,16717.25
16804.38,0.0939,16802.11,0.2346,Bitget,BTC/USDT,2022-11-11T19:25:56.264Z,2.27,20,16736.58
16807.01,0.012,16801.96,0.012,Bitget,BTC/USDT,2022-11-11T19:25:56.264Z,5.05,20,16773.61
16807.02,0.012,16801.91,0.04,Bitget,BTC/USDT,2022-11-11T19:25:56.264Z,5.11,20,16788.96
16807.2,0.0136,16801.47,0.226,Bitget,BTC/USDT,2022-11-11T19:25:56.264Z,5.73,20,16793.81
16807.79,0.2934,16801.3,0.16,Bitget,BTC/USDT,2022-11-11T19:25:56.264Z,6.49,20,16844.62
16807.89,0.0202,16801.14,0.012,Bitget,BTC/USDT,2022-11-11T19:25:56.264Z,6.75,20,16801.37
16807.91,0.0943,16801.11,0.04,Bitget,BTC/USDT,2022-11-11T19:25:56.264Z,6.8,20,16771.98
16807.92,0.0411,16800.84,0.0476,Bitget,BTC/USDT,2022-11-11T19:25:56.264Z,7.08,20,16770.6
16807.93,0.08,16800.83,0.0655,Bitget,BTC/USDT,2022-11-11T19:25:56.264Z,7.1,20,16788.74
16807.94,0.0579,16800.62,0.0128,Bitget,BTC/USDT,2022-11-11T19:25:56.264Z,7.32,20,16805.9
16808.06,0.0137,16800.57,0.2,Bitget,BTC/USDT,2022-11-11T19:25:56.264Z,7.49,20,16815.11
16808.21,0.2403,16800.5,0.042,Bitget,BTC/USDT,2022-11-11T19:25:56.264Z,7.71,20,16814.58
16808.28,0.0314,16800.48,0.232,Bitget,BTC/USDT,2022-11-11T19:25:56.264Z,7.8,20,16815.02
16808.59,0.012,16800.44,0.0323,Bitget,BTC/USDT,2022-11-11T19:25:56.264Z,8.15,20,16821.64
16808.6,0.0206,16800.43,0.8972,Bitget,BTC/USDT,2022-11-11T19:25:56.264Z,8.17,20,16816.46
16808.8,0.0146,16800.41,0.012,Bitget,BTC/USDT,2022-11-11T19:25:56.264Z,8.39,20,16827.66
16808.86,0.1,16800.33,0.012,Bitget,BTC/USDT,2022-11-11T19:25:56.264Z,8.53,20,16826.15
16808.92,0.2726,16800.32,0.012,Bitget,BTC/USDT,2022-11-11T19:25:56.264Z,8.6,20,16795.02
16809.04,0.2,16800.24,0.02,Bitget,BTC/USDT,2022-11-11T19:25:56.264Z,8.8,20,16785.86
16802.65,0.0964,16802.23,0.00822,BitMart,BTC/USDT,2022-11-11T19:26:07.946Z,0.42,20,16718.23
16802.75,0.09982,16799.92,0.2583,BitMart,BTC/USDT,2022-11-11T19:26:07.946Z,2.83,20,16736.57
16802.85,0.10294,16798.91,0.07199,BitMart,BTC/USDT,2022-11-11T19:26:07.946Z,3.94,20,16775.5
16802.95,0.15701,16794.49,0.07442,BitMart,BTC/USDT,2022-11-11T19:26:07.946Z,8.46,20,16791.73
16803.05,0.20369,16794.37,0.15255,BitMart,BTC/USDT,2022-11-11T19:26:07.946Z,8.68,20,16793.95
16803.15,0.26448,16794.27,0.26105,BitMart,BTC/USDT,2022-11-11T19:26:07.946Z,8.88,20,16850.68
16803.26,0.14553,16794.17,0.16262,BitMart,BTC/USDT,2022-11-11T19:26:07.946Z,9.09,20,16804.27
16804.06,0.302,16793.99,0.23665,BitMart,BTC/USDT,2022-11-11T19:26:07.946Z,10.07,20,16775.43
16809.9,3.94382,16793.97,0.14969,BitMart,BTC/USDT,2022-11-11T19:26:07.946Z,15.93,20,16777.02
16812.82,2.50173,16793.89,0.19569,BitMart,BTC/USDT,2022-11-11T19:26:07.946Z,18.93,20,16789.4
16817.07,0.90151,16793.87,3.8637,BitMart,BTC/USDT,2022-11-11T19:26:07.946Z,23.2,20,16809.34
16820.06,2.15868,16792.45,0.17584,BitMart,BTC/USDT,2022-11-11T19:26:07.946Z,27.61,20,16815.31
16823.96,2.88519,16792.35,0.20899,BitMart,BTC/USDT,2022-11-11T19:26:07.946Z,31.61,20,16819.09
16824.75,1.0645,16792.25,0.21924,BitMart,BTC/USDT,2022-11-11T19:26:07.946Z,32.5,20,16816.21
16827.28,3.35227,16792.11,0.29818,BitMart,BTC/USDT,2022-11-11T19:26:07.946Z,35.17,20,16819.13
16828.89,1.58228,16792.01,0.10279,BitMart,BTC/USDT,2022-11-11T19:26:07.946Z,36.88,20,16819.12
16830.15,0.89738,16788.94,1.21849,BitMart,BTC/USDT,2022-11-11T19:26:07.946Z,41.21,20,16827.75
16832.67,2.08323,16786.07,3.72326,BitMart,BTC/USDT,2022-11-11T19:26:07.946Z,46.6,20,16828.14
16833.48,2.94069,16784.13,2.24804,BitMart,BTC/USDT,2022-11-11T19:26:07.946Z,49.35,20,16798.69
16837.02,2.33714,16781.61,1.06554,BitMart,BTC/USDT,2022-11-11T19:26:07.946Z,55.41,20,16787.4
16806.1,0.0001,16805.8,0.0001,Gate.io,BTC/USDT,2022-11-11T19:26:20.020Z,0.3,20,16733.8
16808.5,0.003,16803.1,0.0024,Gate.io,BTC/USDT,2022-11-11T19:26:20.020Z,5.4,20,16770.6
16808.7,0.0131,16802.1,0.003,Gate.io,BTC/USDT,2022-11-11T19:26:20.020Z,6.6,20,16785
16808.8,0.0199,16801.8,0.002,Gate.io,BTC/USDT,2022-11-11T19:26:20.020Z,7,20,16787.2
16809.2,0.0345,16800,0.2644,Gate.io,BTC/USDT,2022-11-11T19:26:20.020Z,9.2,20,16839.6
16809.9,0.002,16799.6,0.0023,Gate.io,BTC/USDT,2022-11-11T19:26:20.020Z,10.3,20,16794.5
16810,0.0004,16798.9,0.001,Gate.io,BTC/USDT,2022-11-11T19:26:20.020Z,11.1,20,16765.3
16810.9,1.1067,16795.9,0.0023,Gate.io,BTC/USDT,2022-11-11T19:26:20.020Z,15,20,16767.4
16811,0.0118,16795.5,0.01,Gate.io,BTC/USDT,2022-11-11T19:26:20.020Z,15.5,20,16783.4
16811.3,0.0039,16795,0.0031,Gate.io,BTC/USDT,2022-11-11T19:26:20.020Z,16.3,20,16801.8
16811.4,0.0158,16793.6,0.01,Gate.io,BTC/USDT,2022-11-11T19:26:20.020Z,17.8,20,16812.6
16811.5,0.002,16792.2,0.0022,Gate.io,BTC/USDT,2022-11-11T19:26:20.020Z,19.3,20,16811.4
16811.9,0.0097,16789.6,0.0291,Gate.io,BTC/USDT,2022-11-11T19:26:20.020Z,22.3,20,16813.1
16812.6,0.0118,16788.9,0.0155,Gate.io,BTC/USDT,2022-11-11T19:26:20.020Z,23.7,20,16811.5
16812.8,0.0236,16788.7,0.0023,Gate.io,BTC/USDT,2022-11-11T19:26:20.020Z,24.1,20,16813.7
16813,0.0118,16787.8,0.01,Gate.io,BTC/USDT,2022-11-11T19:26:20.020Z,25.2,20,16822.1
16815.3,0.0001,16785,0.0085,Gate.io,BTC/USDT,2022-11-11T19:26:20.020Z,30.3,20,16821.5
16816.2,0.0029,16784.6,0.0325,Gate.io,BTC/USDT,2022-11-11T19:26:20.020Z,31.6,20,16793.4
16818.6,0.0064,16784.5,1.4206,Gate.io,BTC/USDT,2022-11-11T19:26:20.020Z,34.1,20,16782.6
16819.1,1.4206,16783.1,0.2,Gate.io,BTC/USDT,2022-11-11T19:26:20.020Z,36,20,16790.8
16804.54,0.1128,16799.96,0.038,Bitget,BTC/USDT,2022-11-11T19:26:31.888Z,4.58,20,16736.58
16804.69,0.184,16799.81,0.062,Bitget,BTC/USDT,2022-11-11T19:26:31.888Z,4.88,20,16773.61
16804.74,0.0148,16799.19,0.012,Bitget,BTC/USDT,2022-11-11T19:26:31.888Z,5.55,20,16788.96
16805.11,0.012,16799.11,0.044,Bitget,BTC/USDT,2022-11-11T19:26:31.888Z,6,20,16793.81
16805.26,0.0135,16799.1,0.0247,Bitget,BTC/USDT,2022-11-11T19:26:31.888Z,6.16,20,16844.62
16805.59,0.0134,16798.86,0.16,Bitget,BTC/USDT,2022-11-11T19:26:31.888Z,6.73,20,16801.37
16805.6,0.0132,16798.78,0.012,Bitget,BTC/USDT,2022-11-11T19:26:31.888Z,6.82,20,16771.98
16805.87,0.0356,16798.7,0.012,Bitget,BTC/USDT,2022-11-11T19:26:31.888Z,7.17,20,16770.6
16805.88,0.0206,16798.66,0.0139,Bitget,BTC/USDT,2022-11-11T19:26:31.888Z,7.22,20,16788.74
16805.99,0.0206,16798.61,0.038,Bitget,BTC/USDT,2022-11-11T19:26:31.888Z,7.38,20,16805.9
16806.02,0.2,16798.58,0.0273,Bitget,BTC/USDT,2022-11-11T19:26:31.888Z,7.44,20,16815.11
16806.19,0.1377,16798.57,0.08,Bitget,BTC/USDT,2022-11-11T19:26:31.888Z,7.62,20,16814.58
16806.2,0.1,16798.54,0.1826,Bitget,BTC/USDT,2022-11-11T19:26:31.888Z,7.66,20,16815.02
16806.24,0.0314,16798.53,0.02,Bitget,BTC/USDT,2022-11-11T19:26:31.888Z,7.71,20,16821.64
16806.38,0.012,16798.38,0.2,Bitget,BTC/USDT,2022-11-11T19:26:31.888Z,8,20,16816.46
16806.46,0.0138,16798.2,0.1257,Bitget,BTC/USDT,2022-11-11T19:26:31.888Z,8.26,20,16827.66
16806.54,0.0132,16798.19,0.0411,Bitget,BTC/USDT,2022-11-11T19:26:31.888Z,8.35,20,16826.15
16806.61,0.0655,16798,0.0206,Bitget,BTC/USDT,2022-11-11T19:26:31.888Z,8.61,20,16795.02
16806.69,0.0314,16797.99,0.0154,Bitget,BTC/USDT,2022-11-11T19:26:31.888Z,8.7,20,16785.86
16806.77,0.0124,16797.96,0.02,Bitget,BTC/USDT,2022-11-11T19:26:31.888Z,8.81,20,16794.59
16811.04,0.25276,16804.73,0.03139,BitMart,BTC/USDT,2022-11-11T19:26:43.943Z,6.31,20,16736.57
16811.3,0.11234,16804.69,0.01341,BitMart,BTC/USDT,2022-11-11T19:26:43.943Z,6.61,20,16775.5
16811.66,0.99643,16804.08,0.24812,BitMart,BTC/USDT,2022-11-11T19:26:43.943Z,7.58,20,16791.73
16811.79,0.17356,16804.03,3.1446,BitMart,BTC/USDT,2022-11-11T19:26:43.943Z,7.76,20,16793.95
16812.2,0.19179,16803.68,0.28787,BitMart,BTC/USDT,2022-11-11T19:26:43.943Z,8.52,20,16850.68
16812.31,0.23241,16802.87,0.14414,BitMart,BTC/USDT,2022-11-11T19:26:43.943Z,9.44,20,16804.27
16812.61,0.24863,16801.96,0.20405,BitMart,BTC/USDT,2022-11-11T19:26:43.943Z,10.65,20,16775.43
16812.71,0.2098,16801.9,0.1741,BitMart,BTC/USDT,2022-11-11T19:26:43.943Z,10.81,20,16777.02
16812.81,0.12318,16801.51,2.43415,BitMart,BTC/USDT,2022-11-11T19:26:43.943Z,11.3,20,16789.4
16814.18,2.14858,16801.36,0.31525,BitMart,BTC/USDT,2022-11-11T19:26:43.943Z,12.82,20,16809.34
16817.07,0.90151,16801.29,0.21648,BitMart,BTC/USDT,2022-11-11T19:26:43.943Z,15.78,20,16815.31
16820.06,2.15868,16801.19,0.22742,BitMart,BTC/USDT,2022-11-11T19:26:43.943Z,18.87,20,16819.09
16823.96,2.88519,16801.09,0.07488,BitMart,BTC/USDT,2022-11-11T19:26:43.943Z,22.87,20,16816.21
16824.75,1.0645,16801.06,0.29247,BitMart,BTC/USDT,2022-11-11T19:26:43.943Z,23.69,20,16819.13
16827.28,3.35227,16800.95,0.27114,BitMart,BTC/USDT,2022-11-11T19:26:43.943Z,26.33,20,16819.12
16828.89,1.58228,16797.34,0.31276,BitMart,BTC/USDT,2022-11-11T19:26:43.943Z,31.55,20,16827.75
16830.15,0.89738,16797.23,0.18702,BitMart,BTC/USDT,2022-11-11T19:26:43.943Z,32.92,20,16828.14
16832.67,2.08323,16797.09,3.44527,BitMart,BTC/USDT,2022-11-11T19:26:43.943Z,35.58,20,16798.69
16833.48,2.94069,16794.11,1.48136,BitMart,BTC/USDT,2022-11-11T19:26:43.943Z,39.37,20,16787.4
16837.02,2.33714,16793.09,3.77851,BitMart,BTC/USDT,2022-11-11T19:26:43.943Z,43.93,20,16795.63
16817.3,0.0001,16817.1,0.0001,Gate.io,BTC/USDT,2022-11-11T19:26:56.559Z,0.2,20,16733.8
16819.1,0.0006,16817,0.0076,Gate.io,BTC/USDT,2022-11-11T19:26:56.559Z,2.1,20,16770.6
16820.2,0.0018,16816.7,0.0022,Gate.io,BTC/USDT,2022-11-11T19:26:56.559Z,3.5,20,16785
16820.6,0.003,16815.4,0.002,Gate.io,BTC/USDT,2022-11-11T19:26:56.559Z,5.2,20,16787.2
16821,0.002,16815.3,0.003,Gate.io,BTC/USDT,2022-11-11T19:26:56.559Z,5.7,20,16839.6
16821.2,0.0001,16812.1,0.0011,Gate.io,BTC/USDT,2022-11-11T19:26:56.559Z,9.1,20,16794.5
16822.1,0.0084,16812,0.0212,Gate.io,BTC/USDT,2022-11-11T19:26:56.559Z,10.1,20,16765.3
16823.6,0.0064,16810.9,0.001,Gate.io,BTC/USDT,2022-11-11T19:26:56.559Z,12.7,20,16767.4
16824.4,0.0118,16809.8,0.0007,Gate.io,BTC/USDT,2022-11-11T19:26:56.559Z,14.6,20,16783.4
16825.1,0.001,16809.1,0.0011,Gate.io,BTC/USDT,2022-11-11T19:26:56.559Z,16,20,16801.8
16825.6,0.0118,16808.7,0.0024,Gate.io,BTC/USDT,2022-11-11T19:26:56.559Z,16.9,20,16812.6
16826.2,0.0001,16805.2,0.01,Gate.io,BTC/USDT,2022-11-11T19:26:56.559Z,21,20,16811.4
16828.1,0.0928,16805,0.0023,Gate.io,BTC/USDT,2022-11-11T19:26:56.559Z,23.1,20,16813.1
16831.4,0.0504,16802.3,0.0049,Gate.io,BTC/USDT,2022-11-11T19:26:56.559Z,29.1,20,16811.5
16831.7,0.5941,16802,1.4206,Gate.io,BTC/USDT,2022-11-11T19:26:56.559Z,29.7,20,16813.7
16832.2,0.0001,16801.4,0.0073,Gate.io,BTC/USDT,2022-11-11T19:26:56.559Z,30.8,20,16822.1
16832.6,0.0118,16801.1,0.0024,Gate.io,BTC/USDT,2022-11-11T19:26:56.559Z,31.5,20,16821.5
16833.2,1.4206,16800.4,0.0297,Gate.io,BTC/USDT,2022-11-11T19:26:56.559Z,32.8,20,16793.4
16833.8,2.3063,16799.9,0.0124,Gate.io,BTC/USDT,2022-11-11T19:26:56.559Z,33.9,20,16782.6
16834,0.0304,16798.9,0.0085,Gate.io,BTC/USDT,2022-11-11T19:26:56.559Z,35.1,20,16790.8
16830.99,0.0544,16826.71,0.06,Bitget,BTC/USDT,2022-11-11T19:27:07.836Z,4.28,20,16773.61
16831,1.6366,16826.31,0.054,Bitget,BTC/USDT,2022-11-11T19:27:07.836Z,4.69,20,16788.96
16831.32,0.32,16826.21,0.16,Bitget,BTC/USDT,2022-11-11T19:27:07.836Z,5.11,20,16793.81
16831.39,0.04,16826.01,0.1996,Bitget,BTC/USDT,2022-11-11T19:27:07.836Z,5.38,20,16844.62
16831.41,0.012,16825.21,0.1145,Bitget,BTC/USDT,2022-11-11T19:27:07.836Z,6.2,20,16801.37
16831.49,0.16,16825.01,0.1847,Bitget,BTC/USDT,2022-11-11T19:27:07.836Z,6.48,20,16771.98
16831.74,5.9397,16824.91,0.72,Bitget,BTC/USDT,2022-11-11T19:27:07.836Z,6.83,20,16770.6
16832.09,0.0148,16824.41,0.0133,Bitget,BTC/USDT,2022-11-11T19:27:07.836Z,7.68,20,16788.74
16832.35,0.4639,16824.31,0.1295,Bitget,BTC/USDT,2022-11-11T19:27:07.836Z,8.04,20,16805.9
16833.02,0.202,16823.91,0.1236,Bitget,BTC/USDT,2022-11-11T19:27:07.836Z,9.11,20,16815.11
16833.03,0.0944,16823.61,0.2638,Bitget,BTC/USDT,2022-11-11T19:27:07.836Z,9.42,20,16814.58
16833.31,0.0134,16823.51,0.6595,Bitget,BTC/USDT,2022-11-11T19:27:07.836Z,9.8,20,16815.02
16833.32,0.012,16823.06,2.5656,Bitget,BTC/USDT,2022-11-11T19:27:07.836Z,10.26,20,16821.64
16833.74,0.1,16823.01,0.1996,Bitget,BTC/USDT,2022-11-11T19:27:07.836Z,10.73,20,16816.46
16834,8.322,16822.11,0.1195,Bitget,BTC/USDT,2022-11-11T19:27:07.836Z,11.89,20,16827.66
16834.09,0.0137,16822.01,0.1568,Bitget,BTC/USDT,2022-11-11T19:27:07.836Z,12.08,20,16826.15
16834.19,0.4016,16821.37,3.3956,Bitget,BTC/USDT,2022-11-11T19:27:07.836Z,12.82,20,16795.02
16834.24,0.8571,16820.39,2.0523,Bitget,BTC/USDT,2022-11-11T19:27:07.836Z,13.85,20,16785.86
16834.64,3.2447,16820.31,0.6631,Bitget,BTC/USDT,2022-11-11T19:27:07.836Z,14.33,20,16794.59
16835.02,9.2324,16820.21,0.0449,Bitget,BTC/USDT,2022-11-11T19:27:07.836Z,14.81,20,16818.78
16827.41,0.15628,16827.11,0.00119,BitMart,BTC/USDT,2022-11-11T19:27:20.151Z,0.3,20,16736.57
16827.51,0.27135,16825.39,0.24379,BitMart,BTC/USDT,2022-11-11T19:27:20.151Z,2.12,20,16775.5
16827.71,0.30883,16824.98,0.18906,BitMart,BTC/USDT,2022-11-11T19:27:20.151Z,2.73,20,16791.73
16827.81,0.3002,16824.48,0.14015,BitMart,BTC/USDT,2022-11-11T19:27:20.151Z,3.33,20,16793.95
16828.06,0.0016,16824.38,0.1682,BitMart,BTC/USDT,2022-11-11T19:27:20.151Z,3.68,20,16850.68
16828.52,0.31441,16824.28,0.14805,BitMart,BTC/USDT,2022-11-11T19:27:20.151Z,4.24,20,16804.27
16828.62,0.19993,16824.18,0.23731,BitMart,BTC/USDT,2022-11-11T19:27:20.151Z,4.44,20,16775.43
16828.72,0.10519,16823.81,0.29086,BitMart,BTC/USDT,2022-11-11T19:27:20.151Z,4.91,20,16777.02
16830.15,0.31778,16823.61,0.27269,BitMart,BTC/USDT,2022-11-11T19:27:20.151Z,6.54,20,16789.4
16830.25,0.29775,16823.57,0.25183,BitMart,BTC/USDT,2022-11-11T19:27:20.151Z,6.68,20,16809.34
16830.35,0.08913,16823.47,0.14586,BitMart,BTC/USDT,2022-11-11T19:27:20.151Z,6.88,20,16815.31
16830.45,0.17388,16823.27,0.17525,BitMart,BTC/USDT,2022-11-11T19:27:20.151Z,7.18,20,16819.09
16830.55,0.08843,16823.06,0.07241,BitMart,BTC/USDT,2022-11-11T19:27:20.151Z,7.49,20,16816.21
16830.65,0.15963,16822.86,0.16033,BitMart,BTC/USDT,2022-11-11T19:27:20.151Z,7.79,20,16819.13
16830.75,0.10235,16822.4,0.0733,BitMart,BTC/USDT,2022-11-11T19:27:20.151Z,8.35,20,16819.12
16831.46,0.09488,16816.97,3.28045,BitMart,BTC/USDT,2022-11-11T19:27:20.151Z,14.49,20,16827.75
16831.76,0.07941,16814,1.93543,BitMart,BTC/USDT,2022-11-11T19:27:20.151Z,17.76,20,16828.14
16836.05,2.01316,16810.85,1.58209,BitMart,BTC/USDT,2022-11-11T19:27:20.151Z,25.2,20,16798.69
16840.57,3.16516,16806.55,2.33926,BitMart,BTC/USDT,2022-11-11T19:27:20.151Z,34.02,20,16787.4
16841.5,1.09645,16805.8,3.20306,BitMart,BTC/USDT,2022-11-11T19:27:20.151Z,35.7,20,16795.63
16817.5,0.0001,16817.4,0.0001,Gate.io,BTC/USDT,2022-11-11T19:27:32.728Z,0.1,20,16770.6
16818.2,0.0015,16814.5,0.003,Gate.io,BTC/USDT,2022-11-11T19:27:32.728Z,3.7,20,16785
16818.7,0.0073,16814.3,0.002,Gate.io,BTC/USDT,2022-11-11T19:27:32.728Z,4.4,20,16787.2
16819.6,0.003,16814.1,0.0017,Gate.io,BTC/USDT,2022-11-11T19:27:32.728Z,5.5,20,16839.6
16819.9,0.002,16813.6,0.01,Gate.io,BTC/USDT,2022-11-11T19:27:32.728Z,6.3,20,16794.5
16820.1,0.001,16812,0.01,Gate.io,BTC/USDT,2022-11-11T19:27:32.728Z,8.1,20,16765.3
16820.9,0.001,16809.8,0.0007,Gate.io,BTC/USDT,2022-11-11T19:27:32.728Z,11.1,20,16767.4
16821,0.1355,16806.7,1.4206,Gate.io,BTC/USDT,2022-11-11T19:27:32.728Z,14.3,20,16783.4
16823.3,0.019,16806.6,0.0026,Gate.io,BTC/USDT,2022-11-11T19:27:32.728Z,16.7,20,16801.8
16823.9,0.2054,16806,0.0024,Gate.io,BTC/USDT,2022-11-11T19:27:32.728Z,17.9,20,16812.6
16825.8,0.0008,16804.3,0.0303,Gate.io,BTC/USDT,2022-11-11T19:27:32.728Z,21.5,20,16811.4
16827.3,0.0236,16803.7,0.0725,Gate.io,BTC/USDT,2022-11-11T19:27:32.728Z,23.6,20,16813.1
16827.4,1.4324,16803.5,0.0628,Gate.io,BTC/USDT,2022-11-11T19:27:32.728Z,23.9,20,16811.5
16827.8,0.0118,16801.4,0.0119,Gate.io,BTC/USDT,2022-11-11T19:27:32.728Z,26.4,20,16813.7
16832.2,0.0001,16799.9,0.042,Gate.io,BTC/USDT,2022-11-11T19:27:32.728Z,32.3,20,16822.1
16833.1,0.0118,16799.7,0.012,Gate.io,BTC/USDT,2022-11-11T19:27:32.728Z,33.4,20,16821.5
16834,0.0294,16799.6,0.0145,Gate.io,BTC/USDT,2022-11-11T19:27:32.728Z,34.4,20,16793.4
16835.6,0.0118,16799.1,0.0096,Gate.io,BTC/USDT,2022-11-11T19:27:32.728Z,36.5,20,16782.6
16836.1,0.007,16798.9,0.0185,Gate.io,BTC/USDT,2022-11-11T19:27:32.728Z,37.2,20,16790.8
16836.4,0.0216,16798.8,0.0098,Gate.io,BTC/USDT,2022-11-11T19:27:32.728Z,37.6,20,16815.3
16811.49,0.6637,16806.6,0.0296,Bitget,BTC/USDT,2022-11-11T19:27:44.105Z,4.89,20,16773.61
16811.59,0.012,16806.31,7.8518,Bitget,BTC/USDT,2022-11-11T19:27:44.105Z,5.28,20,16788.96
16811.6,1.1886,16806.3,0.9694,Bitget,BTC/USDT,2022-11-11T19:27:44.105Z,5.3,20,16793.81
16811.61,1.2722,16806.29,0.1593,Bitget,BTC/USDT,2022-11-11T19:27:44.105Z,5.32,20,16844.62
16811.62,0.012,16806.28,0.02,Bitget,BTC/USDT,2022-11-11T19:27:44.105Z,5.34,20,16801.37
16812.09,0.0137,16806.25,0.8556,Bitget,BTC/USDT,2022-11-11T19:27:44.105Z,5.84,20,16771.98
16812.1,0.1148,16806.23,0.028,Bitget,BTC/USDT,2022-11-11T19:27:44.105Z,5.87,20,16770.6
16812.84,0.0769,16806.21,0.4996,Bitget,BTC/USDT,2022-11-11T19:27:44.105Z,6.63,20,16788.74
16812.85,3.3885,16805.41,3.2045,Bitget,BTC/USDT,2022-11-11T19:27:44.105Z,7.44,20,16805.9
16813.71,0.1421,16805.01,0.66,Bitget,BTC/USDT,2022-11-11T19:27:44.105Z,8.7,20,16815.11
16813.72,2.5026,16804.9,0.0138,Bitget,BTC/USDT,2022-11-11T19:27:44.105Z,8.82,20,16814.58
16814.29,0.0657,16804.61,0.012,Bitget,BTC/USDT,2022-11-11T19:27:44.105Z,9.68,20,16815.02
16814.3,0.0788,16804.51,0.2317,Bitget,BTC/USDT,2022-11-11T19:27:44.105Z,9.79,20,16821.64
16814.32,0.0149,16804.5,0.1,Bitget,BTC/USDT,2022-11-11T19:27:44.105Z,9.82,20,16816.46
16814.4,0.0161,16804.41,1.1082,Bitget,BTC/USDT,2022-11-11T19:27:44.105Z,9.99,20,16827.66
16814.73,2.5686,16803.91,2.0754,Bitget,BTC/USDT,2022-11-11T19:27:44.105Z,10.82,20,16826.15
16814.89,0.0121,16803.81,17.8478,Bitget,BTC/USDT,2022-11-11T19:27:44.105Z,11.08,20,16795.02
16814.98,0.9063,16803.71,0.058,Bitget,BTC/USDT,2022-11-11T19:27:44.105Z,11.27,20,16785.86
16814.99,0.3873,16803.69,0.04,Bitget,BTC/USDT,2022-11-11T19:27:44.105Z,11.3,20,16794.59
16815.01,0.0299,16803.41,0.0133,Bitget,BTC/USDT,2022-11-11T19:27:44.105Z,11.6,20,16806.46
16817.36,0.00168,16817,0.00119,BitMart,BTC/USDT,2022-11-11T19:27:56.020Z,0.36,20,16775.5
16818,0.27037,16816.84,0.01916,BitMart,BTC/USDT,2022-11-11T19:27:56.020Z,1.16,20,16791.73
16818.1,0.10728,16815.69,0.17545,BitMart,BTC/USDT,2022-11-11T19:27:56.020Z,2.41,20,16793.95
16818.2,0.11204,16815.59,0.12151,BitMart,BTC/USDT,2022-11-11T19:27:56.020Z,2.61,20,16850.68
16818.3,0.31062,16815.49,0.20578,BitMart,BTC/USDT,2022-11-11T19:27:56.020Z,2.81,20,16804.27
16818.4,0.27578,16815.39,0.23166,BitMart,BTC/USDT,2022-11-11T19:27:56.020Z,3.01,20,16775.43
16818.51,0.20386,16815.29,0.21564,BitMart,BTC/USDT,2022-11-11T19:27:56.020Z,3.22,20,16777.02
16818.61,0.10596,16815.19,0.22029,BitMart,BTC/USDT,2022-11-11T19:27:56.020Z,3.42,20,16789.4
16818.71,0.3114,16814.98,0.13142,BitMart,BTC/USDT,2022-11-11T19:27:56.020Z,3.73,20,16809.34
16818.81,0.27193,16813.98,0.3137,BitMart,BTC/USDT,2022-11-11T19:27:56.020Z,4.83,20,16815.31
16818.91,0.0939,16813.87,0.19872,BitMart,BTC/USDT,2022-11-11T19:27:56.020Z,5.04,20,16819.09
16825.31,0.0005,16812.97,0.25862,BitMart,BTC/USDT,2022-11-11T19:27:56.020Z,12.34,20,16816.21
16825.53,1.13333,16810.91,0.2359,BitMart,BTC/USDT,2022-11-11T19:27:56.020Z,14.62,20,16819.13
16828.37,2.88174,16809.41,2.21674,BitMart,BTC/USDT,2022-11-11T19:27:56.020Z,18.96,20,16819.12
16830.89,3.05617,16807.61,0.18471,BitMart,BTC/USDT,2022-11-11T19:27:56.020Z,23.28,20,16827.75
16831.94,3.54504,16806.89,3.86234,BitMart,BTC/USDT,2022-11-11T19:27:56.020Z,25.05,20,16828.14
16836.05,2.01316,16806,0.22701,BitMart,BTC/USDT,2022-11-11T19:27:56.020Z,30.05,20,16798.69
16840.57,3.16516,16805.9,0.22937,BitMart,BTC/USDT,2022-11-11T19:27:56.020Z,34.67,20,16787.4
16841.5,1.09645,16805.89,0.28513,BitMart,BTC/USDT,2022-11-11T19:27:56.020Z,35.61,20,16795.63
16844.02,1.66289,16805.79,0.2794,BitMart,BTC/USDT,2022-11-11T19:27:56.020Z,38.23,20,16820.8
16834.9,0.0118,16831,0.0001,Gate.io,BTC/USDT,2022-11-11T19:28:08.771Z,3.9,20,16785
16835.5,0.001,16830.5,0.001,Gate.io,BTC/USDT,2022-11-11T19:28:08.771Z,5,20,16787.2
16835.6,0.0116,16830.2,0.0021,Gate.io,BTC/USDT,2022-11-11T19:28:08.771Z,5.4,20,16839.6
16835.9,0.0052,16830.1,0.0027,Gate.io,BTC/USDT,2022-11-11T19:28:08.771Z,5.8,20,16794.5
16836.1,0.007,16830,0.002,Gate.io,BTC/USDT,2022-11-11T19:28:08.771Z,6.1,20,16765.3
16836.4,0.01,16829.6,0.0012,Gate.io,BTC/USDT,2022-11-11T19:28:08.771Z,6.8,20,16767.4
16837.6,0.002,16828.3,0.0086,Gate.io,BTC/USDT,2022-11-11T19:28:08.771Z,9.3,20,16783.4
16838.4,0.0012,16828.2,0.6276,Gate.io,BTC/USDT,2022-11-11T19:28:08.771Z,10.2,20,16801.8
16844,0.5936,16827.5,0.002,Gate.io,BTC/USDT,2022-11-11T19:28:08.771Z,16.5,20,16812.6
16844.3,0.0168,16827.3,0.0116,Gate.io,BTC/USDT,2022-11-11T19:28:08.771Z,17,20,16811.4
16846.9,1.4206,16826.8,0.0022,Gate.io,BTC/USDT,2022-11-11T19:28:08.771Z,20.1,20,16813.1
16847.4,0.0534,16825,0.0155,Gate.io,BTC/USDT,2022-11-11T19:28:08.771Z,22.4,20,16811.5
16848.1,0.0648,16823.9,0.07,Gate.io,BTC/USDT,2022-11-11T19:28:08.771Z,24.2,20,16813.7
16849.1,0.0001,16823.4,0.0025,Gate.io,BTC/USDT,2022-11-11T19:28:08.771Z,25.7,20,16822.1
16849.3,0.0312,16820.5,0.01,Gate.io,BTC/USDT,2022-11-11T19:28:08.771Z,28.8,20,16821.5
16852.3,2.8033,16820,0.0025,Gate.io,BTC/USDT,2022-11-11T19:28:08.771Z,32.3,20,16793.4
16853,0.0291,16818.9,0.0295,Gate.io,BTC/USDT,2022-11-11T19:28:08.771Z,34.1,20,16782.6
16854.2,0.012,16817.1,0.0345,Gate.io,BTC/USDT,2022-11-11T19:28:08.771Z,37.1,20,16790.8
16854.8,0.0095,16816.1,0.002,Gate.io,BTC/USDT,2022-11-11T19:28:08.771Z,38.7,20,16802.5
16855.3,0.0236,16815.9,0.01,Gate.io,BTC/USDT,2022-11-11T19:28:08.771Z,39.4,20,16814.4
16836.79,0.0133,16832.35,0.1344,Bitget,BTC/USDT,2022-11-11T19:28:20.030Z,4.44,20,16788.96
16837.07,0.486,16832.33,0.1296,Bitget,BTC/USDT,2022-11-11T19:28:20.030Z,4.74,20,16793.81
16837.39,0.2953,16832.07,0.0149,Bitget,BTC/USDT,2022-11-11T19:28:20.030Z,5.32,20,16844.62
16837.8,0.1168,16832.03,0.04,Bitget,BTC/USDT,2022-11-11T19:28:20.030Z,5.77,20,16801.37
16838.59,0.0126,16832,0.02,Bitget,BTC/USDT,2022-11-11T19:28:20.030Z,6.59,20,16771.98
16838.72,0.012,16831.91,0.0267,Bitget,BTC/USDT,2022-11-11T19:28:20.030Z,6.81,20,16770.6
16839.19,0.0238,16831.87,0.1647,Bitget,BTC/USDT,2022-11-11T19:28:20.030Z,7.32,20,16788.74
16839.21,0.0121,16831.86,0.013,Bitget,BTC/USDT,2022-11-11T19:28:20.030Z,7.35,20,16805.9
16839.24,0.015,16831.82,0.02,Bitget,BTC/USDT,2022-11-11T19:28:20.030Z,7.42,20,16815.11
16839.87,0.0133,16831.71,3.1318,Bitget,BTC/USDT,2022-11-11T19:28:20.030Z,8.16,20,16814.58
16839.88,5.9343,16831.63,0.22,Bitget,BTC/USDT,2022-11-11T19:28:20.030Z,8.25,20,16815.02
16839.9,0.0136,16831.6,0.0201,Bitget,BTC/USDT,2022-11-11T19:28:20.030Z,8.3,20,16821.64
16840.06,0.7836,16831.51,0.0233,Bitget,BTC/USDT,2022-11-11T19:28:20.030Z,8.55,20,16816.46
16840.09,0.0138,16831.35,0.012,Bitget,BTC/USDT,2022-11-11T19:28:20.030Z,8.74,20,16827.66
16840.37,2.1121,16831.31,0.0149,Bitget,BTC/USDT,2022-11-11T19:28:20.030Z,9.06,20,16826.15
16840.39,0.0238,16831.19,0.8678,Bitget,BTC/USDT,2022-11-11T19:28:20.030Z,9.2,20,16795.02
16840.41,0.4137,16831.18,0.5001,Bitget,BTC/USDT,2022-11-11T19:28:20.030Z,9.23,20,16785.86
16840.42,0.1726,16830.91,0.012,Bitget,BTC/USDT,2022-11-11T19:28:20.030Z,9.51,20,16794.59
16840.43,0.3126,16830.41,0.1242,Bitget,BTC/USDT,2022-11-11T19:28:20.030Z,10.02,20,16806.46
16840.57,0.4636,16830.35,0.012,Bitget,BTC/USDT,2022-11-11T19:28:20.030Z,10.22,20,16813.21
16827.67,0.00359,16827.47,0.02139,BitMart,BTC/USDT,2022-11-11T19:28:32.207Z,0.2,20,16791.73
16827.68,0.00325,16827.33,0.10358,BitMart,BTC/USDT,2022-11-11T19:28:32.207Z,0.35,20,16793.95
16828.12,0.01961,16827.14,0.25059,BitMart,BTC/USDT,2022-11-11T19:28:32.207Z,0.98,20,16850.68
16828.79,0.24756,16826.93,0.11231,BitMart,BTC/USDT,2022-11-11T19:28:32.207Z,1.86,20,16804.27
16828.89,0.1121,16826.43,0.2909,BitMart,BTC/USDT,2022-11-11T19:28:32.207Z,2.46,20,16775.43
16828.99,0.23998,16826.42,0.28964,BitMart,BTC/USDT,2022-11-11T19:28:32.207Z,2.57,20,16777.02
16829.13,0.12235,16826.32,0.29509,BitMart,BTC/USDT,2022-11-11T19:28:32.207Z,2.81,20,16789.4
16829.3,0.20094,16826.21,0.13571,BitMart,BTC/USDT,2022-11-11T19:28:32.207Z,3.09,20,16809.34
16829.33,0.24559,16826.01,0.16161,BitMart,BTC/USDT,2022-11-11T19:28:32.207Z,3.32,20,16815.31
16829.42,0.18526,16825.9,0.12942,BitMart,BTC/USDT,2022-11-11T19:28:32.207Z,3.52,20,16819.09
16829.52,0.15554,16825.8,0.1807,BitMart,BTC/USDT,2022-11-11T19:28:32.207Z,3.72,20,16816.21
16829.73,0.23457,16825.69,0.14764,BitMart,BTC/USDT,2022-11-11T19:28:32.207Z,4.04,20,16819.13
16829.83,0.23845,16825.59,0.14097,BitMart,BTC/USDT,2022-11-11T19:28:32.207Z,4.24,20,16819.12
16829.93,0.2477,16825.52,0.2188,BitMart,BTC/USDT,2022-11-11T19:28:32.207Z,4.41,20,16827.75
16830.13,0.19181,16825.42,0.28705,BitMart,BTC/USDT,2022-11-11T19:28:32.207Z,4.71,20,16828.14
16830.14,0.27254,16825.32,0.31711,BitMart,BTC/USDT,2022-11-11T19:28:32.207Z,4.82,20,16798.69
16830.24,0.31578,16825.22,0.18034,BitMart,BTC/USDT,2022-11-11T19:28:32.207Z,5.02,20,16787.4
16830.34,0.28047,16825.12,0.24198,BitMart,BTC/USDT,2022-11-11T19:28:32.207Z,5.22,20,16795.63
16830.44,0.1865,16825.02,0.19361,BitMart,BTC/USDT,2022-11-11T19:28:32.207Z,5.42,20,16806.74
16830.54,0.08418,16824.99,0.31321,BitMart,BTC/USDT,2022-11-11T19:28:32.207Z,5.55,20,16817.06
16829.1,0.0314,16826.3,0.0001,Gate.io,BTC/USDT,2022-11-11T19:28:43.199Z,2.8,20,16785
16829.4,0.0002,16824.8,0.0011,Gate.io,BTC/USDT,2022-11-11T19:28:43.199Z,4.6,20,16787.2
16829.5,0.0378,16824.7,0.002,Gate.io,BTC/USDT,2022-11-11T19:28:43.199Z,4.8,20,16839.6
16829.7,0.003,16824.6,0.0011,Gate.io,BTC/USDT,2022-11-11T19:28:43.199Z,5.1,20,16794.5
16829.9,0.002,16824.5,0.0026,Gate.io,BTC/USDT,2022-11-11T19:28:43.199Z,5.4,20,16765.3
16831.2,0.0012,16824.3,0.0086,Gate.io,BTC/USDT,2022-11-11T19:28:43.199Z,6.9,20,16767.4
16831.8,0.0001,16822.8,0.02,Gate.io,BTC/USDT,2022-11-11T19:28:43.199Z,9,20,16783.4
16831.9,0.001,16821.6,0.004,Gate.io,BTC/USDT,2022-11-11T19:28:43.199Z,10.3,20,16801.8
16832.8,0.0099,16820.5,0.0182,Gate.io,BTC/USDT,2022-11-11T19:28:43.199Z,12.3,20,16812.6
16833.4,0.0118,16816.1,0.002,Gate.io,BTC/USDT,2022-11-11T19:28:43.199Z,17.3,20,16811.4
16833.5,0.0155,16815.9,0.01,Gate.io,BTC/USDT,2022-11-11T19:28:43.199Z,17.6,20,16813.1
16834.3,0.01,16815.8,1.4206,Gate.io,BTC/USDT,2022-11-11T19:28:43.199Z,18.5,20,16811.5
16835.5,1.4206,16815.3,0.0001,Gate.io,BTC/USDT,2022-11-11T19:28:43.199Z,20.2,20,16813.7
16836.5,0.0345,16814.6,0.0024,Gate.io,BTC/USDT,2022-11-11T19:28:43.199Z,21.9,20,16822.1
16838.3,0.0102,16813.5,0.1595,Gate.io,BTC/USDT,2022-11-11T19:28:43.199Z,24.8,20,16821.5
16838.6,0.0411,16813.1,0.0001,Gate.io,BTC/USDT,2022-11-11T19:28:43.199Z,25.5,20,16793.4
16841.4,0.0118,16812.4,0.0299,Gate.io,BTC/USDT,2022-11-11T19:28:43.199Z,29,20,16782.6
16841.9,0.0297,16812.2,0.0061,Gate.io,BTC/USDT,2022-11-11T19:28:43.199Z,29.7,20,16790.8
16843,2.3063,16809.1,0.029,Gate.io,BTC/USDT,2022-11-11T19:28:43.199Z,33.9,20,16802.5
16844.1,0.5936,16808,0.0303,Gate.io,BTC/USDT,2022-11-11T19:28:43.199Z,36.1,20,16814.4
