Ask,AVolume,Bid,BVolume,Exchange,Ticker,TimeStamp,Spread
0.082237,1411,0.082215,1109,BitMart,DOGE/USDT,2022-11-09T11:11:25.964Z,2.20E-05
0.082244,1642,0.082198,1618,BitMart,DOGE/USDT,2022-11-09T11:11:25.964Z,4.60E-05
0.082252,625,0.082149,1520,BitMart,DOGE/USDT,2022-11-09T11:11:25.964Z,0.000103
0.082254,1113,0.082125,860,BitMart,DOGE/USDT,2022-11-09T11:11:25.964Z,0.000129
0.082255,1620,0.082123,1340,BitMart,DOGE/USDT,2022-11-09T11:11:25.964Z,0.000132
0.082262,438,0.08212,566,BitMart,DOGE/USDT,2022-11-09T11:11:25.964Z,0.000142
0.082264,1507,0.082117,834,BitMart,DOGE/USDT,2022-11-09T11:11:25.964Z,0.000147
0.082273,1235,0.082113,1477,BitMart,DOGE/USDT,2022-11-09T11:11:25.964Z,0.00016
0.082275,801,0.082094,144962,BitMart,DOGE/USDT,2022-11-09T11:11:25.964Z,0.000181
0.082283,960,0.082039,149352,BitMart,DOGE/USDT,2022-11-09T11:11:25.964Z,0.000244
0.082352,139052,0.081994,91517,BitMart,DOGE/USDT,2022-11-09T11:11:25.964Z,0.000358
0.082397,157419,0.081944,70734,BitMart,DOGE/USDT,2022-11-09T11:11:25.964Z,0.000453
0.082446,60661,0.081899,158548,BitMart,DOGE/USDT,2022-11-09T11:11:25.964Z,0.000547
0.082472,52989,0.081842,158234,BitMart,DOGE/USDT,2022-11-09T11:11:25.964Z,0.00063
0.082496,139130,0.081801,45891,BitMart,DOGE/USDT,2022-11-09T11:11:25.964Z,0.000695
0.082537,115958,0.081789,99721,BitMart,DOGE/USDT,2022-11-09T11:11:25.964Z,0.000748
0.082553,78343,0.081734,147574,BitMart,DOGE/USDT,2022-11-09T11:11:25.964Z,0.000819
0.082618,59893,0.081723,130893,BitMart,DOGE/USDT,2022-11-09T11:11:25.964Z,0.000895
0.082659,40518,0.081682,47456,BitMart,DOGE/USDT,2022-11-09T11:11:25.964Z,0.000977
0.082704,59001,0.08166,2448,BitMart,DOGE/USDT,2022-11-09T11:11:25.964Z,0.001044
0.082333,43.96,0.082309,85.87,Gate.io,DOGE/USDT,2022-11-09T11:11:37.480Z,2.40E-05
0.082369,803.33,0.082286,803.33,Gate.io,DOGE/USDT,2022-11-09T11:11:37.480Z,8.30E-05
0.08237,1115.17,0.082285,5500,Gate.io,DOGE/USDT,2022-11-09T11:11:37.480Z,8.50E-05
0.082386,356.86,0.082269,1519.87,Gate.io,DOGE/USDT,2022-11-09T11:11:37.480Z,0.000117
0.082417,6219.54,0.082237,6200,Gate.io,DOGE/USDT,2022-11-09T11:11:37.480Z,0.00018
0.082431,43.96,0.082183,6176.21,Gate.io,DOGE/USDT,2022-11-09T11:11:37.480Z,0.000248
0.082442,1844.16,0.082167,1266.25,Gate.io,DOGE/USDT,2022-11-09T11:11:37.480Z,0.000275
0.082443,1906.8,0.082166,30542.56,Gate.io,DOGE/USDT,2022-11-09T11:11:37.480Z,0.000277
0.082445,80.2,0.082151,1316.48,Gate.io,DOGE/USDT,2022-11-09T11:11:37.480Z,0.000294
0.082452,1000,0.082148,1316.48,Gate.io,DOGE/USDT,2022-11-09T11:11:37.480Z,0.000304
0.082453,586474.47,0.082147,1316.48,Gate.io,DOGE/USDT,2022-11-09T11:11:37.480Z,0.000306
0.082456,12.47,0.082146,1316.48,Gate.io,DOGE/USDT,2022-11-09T11:11:37.480Z,0.00031
0.082459,30.2,0.082144,2995.99,Gate.io,DOGE/USDT,2022-11-09T11:11:37.480Z,0.000315
0.082468,403746.1,0.082142,9970.8,Gate.io,DOGE/USDT,2022-11-09T11:11:37.480Z,0.000326
0.082473,2000,0.082141,1316.48,Gate.io,DOGE/USDT,2022-11-09T11:11:37.480Z,0.000332
0.082474,204785.94,0.082136,1436.37,Gate.io,DOGE/USDT,2022-11-09T11:11:37.480Z,0.000338
0.082484,22125.23,0.082133,6001.47,Gate.io,DOGE/USDT,2022-11-09T11:11:37.480Z,0.000351
0.0825,5982.25,0.082126,1569.14,Gate.io,DOGE/USDT,2022-11-09T11:11:37.480Z,0.000374
0.082513,6066.74,0.082124,4876.35,Gate.io,DOGE/USDT,2022-11-09T11:11:37.480Z,0.000389
0.082525,5472.72,0.082119,30429,Gate.io,DOGE/USDT,2022-11-09T11:11:37.480Z,0.000406
0.082605,3000.0033,0.082484,22241.2369,Bitget,DOGE/USDT,2022-11-09T11:11:51.021Z,0.000121
0.082607,3000.0023,0.082459,27642.3433,Bitget,DOGE/USDT,2022-11-09T11:11:51.021Z,0.000148
0.082609,3000.0015,0.082385,3000.0036,Bitget,DOGE/USDT,2022-11-09T11:11:51.021Z,0.000224
0.082611,3000.0049,0.082383,3000.0031,Bitget,DOGE/USDT,2022-11-09T11:11:51.021Z,0.000228
0.082613,3000.0009,0.082381,3000.0019,Bitget,DOGE/USDT,2022-11-09T11:11:51.021Z,0.000232
0.082615,7117.6657,0.082379,3000.0031,Bitget,DOGE/USDT,2022-11-09T11:11:51.021Z,0.000236
0.08262,7420.05,0.082377,3000.0033,Bitget,DOGE/USDT,2022-11-09T11:11:51.021Z,0.000243
0.082625,3491.928,0.082375,6248.9326,Bitget,DOGE/USDT,2022-11-09T11:11:51.021Z,0.00025
0.08263,99000,0.082365,19286.0995,Bitget,DOGE/USDT,2022-11-09T11:11:51.021Z,0.000265
0.082635,3000.0009,0.082363,3000.0009,Bitget,DOGE/USDT,2022-11-09T11:11:51.021Z,0.000272
0.082637,3000.0035,0.082362,3000.005,Bitget,DOGE/USDT,2022-11-09T11:11:51.021Z,0.000275
0.082645,3000.0035,0.082355,28982.8127,Bitget,DOGE/USDT,2022-11-09T11:11:51.021Z,0.00029
0.082648,3000.0011,0.082349,3000.0029,Bitget,DOGE/USDT,2022-11-09T11:11:51.021Z,0.000299
0.082651,3312.54,0.082346,21153.8448,Bitget,DOGE/USDT,2022-11-09T11:11:51.021Z,0.000305
0.082653,3000.0043,0.082345,5149.1092,Bitget,DOGE/USDT,2022-11-09T11:11:51.021Z,0.000308
0.082655,4464.2336,0.082335,7499.6545,Bitget,DOGE/USDT,2022-11-09T11:11:51.021Z,0.00032
0.082665,3000,0.082331,3000.0001,Bitget,DOGE/USDT,2022-11-09T11:11:51.021Z,0.000334
0.082666,3000.0025,0.08233,4455,Bitget,DOGE/USDT,2022-11-09T11:11:51.021Z,0.000336
0.082667,3166.8912,0.082325,38627.291,Bitget,DOGE/USDT,2022-11-09T11:11:51.021Z,0.000342
0.082668,4455,0.082324,16787.6874,Bitget,DOGE/USDT,2022-11-09T11:11:51.021Z,0.000344
0.082379,777,0.082333,471,BitMart,DOGE/USDT,2022-11-09T11:12:02.611Z,4.60E-05
0.082385,1169,0.082308,780,BitMart,DOGE/USDT,2022-11-09T11:12:02.611Z,7.70E-05
0.082389,1374,0.082277,1670,BitMart,DOGE/USDT,2022-11-09T11:12:02.611Z,0.000112
0.082395,1371,0.082224,140012,BitMart,DOGE/USDT,2022-11-09T11:12:02.611Z,0.000171
0.082397,727,0.082163,65173,BitMart,DOGE/USDT,2022-11-09T11:12:02.611Z,0.000234
0.082405,769,0.082094,144962,BitMart,DOGE/USDT,2022-11-09T11:12:02.611Z,0.000311
0.082412,964,0.082039,149352,BitMart,DOGE/USDT,2022-11-09T11:12:02.611Z,0.000373
0.082447,1080,0.081994,91517,BitMart,DOGE/USDT,2022-11-09T11:12:02.611Z,0.000453
0.082457,1346,0.081944,70734,BitMart,DOGE/USDT,2022-11-09T11:12:02.611Z,0.000513
0.08248,876,0.081899,158548,BitMart,DOGE/USDT,2022-11-09T11:12:02.611Z,0.000581
0.082487,124137,0.081842,158234,BitMart,DOGE/USDT,2022-11-09T11:12:02.611Z,0.000645
0.082541,155726,0.081802,2443,BitMart,DOGE/USDT,2022-11-09T11:12:02.611Z,0.000739
0.082583,39095,0.081801,45891,BitMart,DOGE/USDT,2022-11-09T11:12:02.611Z,0.000782
0.082611,55903,0.081789,99721,BitMart,DOGE/USDT,2022-11-09T11:12:02.611Z,0.000822
0.082652,108776,0.081734,147574,BitMart,DOGE/USDT,2022-11-09T11:12:02.611Z,0.000918
0.082659,40518,0.081723,130893,BitMart,DOGE/USDT,2022-11-09T11:12:02.611Z,0.000936
0.082704,59001,0.081682,47456,BitMart,DOGE/USDT,2022-11-09T11:12:02.611Z,0.001022
0.082719,44582,0.081659,110814,BitMart,DOGE/USDT,2022-11-09T11:12:02.611Z,0.00106
0.08276,153159,0.081614,41532,BitMart,DOGE/USDT,2022-11-09T11:12:02.611Z,0.001146
0.082801,169221,0.081578,88844,BitMart,DOGE/USDT,2022-11-09T11:12:02.611Z,0.001223
0.082262,5500,0.082241,44.03,Gate.io,DOGE/USDT,2022-11-09T11:12:11.708Z,2.10E-05
0.082265,85.86,0.082214,200,Gate.io,DOGE/USDT,2022-11-09T11:12:11.708Z,5.10E-05
0.082283,1316.48,0.082209,2323.2,Gate.io,DOGE/USDT,2022-11-09T11:12:11.708Z,7.40E-05
0.082284,5500,0.082197,6131.3,Gate.io,DOGE/USDT,2022-11-09T11:12:11.708Z,8.70E-05
0.0823,1519.87,0.08219,1115.61,Gate.io,DOGE/USDT,2022-11-09T11:12:11.708Z,0.00011
0.082325,803.33,0.082145,6022.54,Gate.io,DOGE/USDT,2022-11-09T11:12:11.708Z,0.00018
0.082363,6115.47,0.082144,2823.52,Gate.io,DOGE/USDT,2022-11-09T11:12:11.708Z,0.000219
0.082382,1906.83,0.082116,80.2,Gate.io,DOGE/USDT,2022-11-09T11:12:11.708Z,0.000266
0.082412,7281.99,0.082103,12692.85,Gate.io,DOGE/USDT,2022-11-09T11:12:11.708Z,0.000309
0.082424,6015.06,0.082102,1267.32,Gate.io,DOGE/USDT,2022-11-09T11:12:11.708Z,0.000322
0.082427,6073.05,0.082092,2995.8,Gate.io,DOGE/USDT,2022-11-09T11:12:11.708Z,0.000335
0.082433,2000,0.08209,4883.6,Gate.io,DOGE/USDT,2022-11-09T11:12:11.708Z,0.000343
0.08244,1115.25,0.082086,1771.41,Gate.io,DOGE/USDT,2022-11-09T11:12:11.708Z,0.000354
0.082459,24199,0.082085,1435.47,Gate.io,DOGE/USDT,2022-11-09T11:12:11.708Z,0.000374
0.082464,14780.41,0.082081,2000,Gate.io,DOGE/USDT,2022-11-09T11:12:11.708Z,0.000383
0.082474,6186.03,0.082079,4879.04,Gate.io,DOGE/USDT,2022-11-09T11:12:11.708Z,0.000395
0.082491,204785.94,0.082073,1569.04,Gate.io,DOGE/USDT,2022-11-09T11:12:11.708Z,0.000418
0.082493,403746.1,0.082069,32483,Gate.io,DOGE/USDT,2022-11-09T11:12:11.708Z,0.000424
0.082507,484.88,0.08205,404412.14,Gate.io,DOGE/USDT,2022-11-09T11:12:11.708Z,0.000457
0.082512,586474.47,0.082044,24339.19,Gate.io,DOGE/USDT,2022-11-09T11:12:11.708Z,0.000468
0.082255,738.3895,0.08224,28714.2818,Bitget,DOGE/USDT,2022-11-09T11:12:23.803Z,1.50E-05
0.082354,3000.0031,0.082236,64389.571,Bitget,DOGE/USDT,2022-11-09T11:12:23.803Z,0.000118
0.082356,3000.0008,0.082224,23340.2056,Bitget,DOGE/USDT,2022-11-09T11:12:23.803Z,0.000132
0.082358,3000.0048,0.082211,27679.3174,Bitget,DOGE/USDT,2022-11-09T11:12:23.803Z,0.000147
0.08236,3000.0024,0.082155,25436.5599,Bitget,DOGE/USDT,2022-11-09T11:12:23.803Z,0.000205
0.082362,4609.1347,0.082154,1922.2195,Bitget,DOGE/USDT,2022-11-09T11:12:23.803Z,0.000208
0.082364,12129.3018,0.082126,3000.0029,Bitget,DOGE/USDT,2022-11-09T11:12:23.803Z,0.000238
0.082369,3000.0006,0.082124,3000.0013,Bitget,DOGE/USDT,2022-11-09T11:12:23.803Z,0.000245
0.082372,6435,0.082122,3000.0036,Bitget,DOGE/USDT,2022-11-09T11:12:23.803Z,0.00025
0.082374,4212.45,0.08212,3000.0023,Bitget,DOGE/USDT,2022-11-09T11:12:23.803Z,0.000254
0.082379,6435,0.082118,5186.0452,Bitget,DOGE/USDT,2022-11-09T11:12:23.803Z,0.000261
0.082384,3000.0031,0.082116,13647.4876,Bitget,DOGE/USDT,2022-11-09T11:12:23.803Z,0.000268
0.082393,3462.9804,0.082114,3000.0001,Bitget,DOGE/USDT,2022-11-09T11:12:23.803Z,0.000279
0.082394,32212.2537,0.082113,6435,Bitget,DOGE/USDT,2022-11-09T11:12:23.803Z,0.000281
0.082395,3223.737,0.082106,7495.8808,Bitget,DOGE/USDT,2022-11-09T11:12:23.803Z,0.000289
0.082396,3000.004,0.082096,12995.3017,Bitget,DOGE/USDT,2022-11-09T11:12:23.803Z,0.0003
0.082404,19774.3343,0.082093,3000.0034,Bitget,DOGE/USDT,2022-11-09T11:12:23.803Z,0.000311
0.082414,97926.9727,0.08209,3000.0042,Bitget,DOGE/USDT,2022-11-09T11:12:23.803Z,0.000324
0.082416,464286.2537,0.082086,9372.5542,Bitget,DOGE/USDT,2022-11-09T11:12:23.803Z,0.00033
0.082418,3000.0008,0.082076,20055.87,Bitget,DOGE/USDT,2022-11-09T11:12:23.803Z,0.000342
0.082369,1713,0.082287,848,BitMart,DOGE/USDT,2022-11-09T11:12:34.988Z,8.20E-05
0.082379,819,0.082256,1259,BitMart,DOGE/USDT,2022-11-09T11:12:34.988Z,0.000123
0.082385,469,0.08218,1477,BitMart,DOGE/USDT,2022-11-09T11:12:34.988Z,0.000205
0.082387,1165,0.082178,1541,BitMart,DOGE/USDT,2022-11-09T11:12:34.988Z,0.000209
0.082389,783,0.082177,483,BitMart,DOGE/USDT,2022-11-09T11:12:34.988Z,0.000212
0.082395,1236,0.082175,858,BitMart,DOGE/USDT,2022-11-09T11:12:34.988Z,0.00022
0.082441,60871,0.082163,161861,BitMart,DOGE/USDT,2022-11-09T11:12:34.988Z,0.000278
0.082487,124137,0.082094,144962,BitMart,DOGE/USDT,2022-11-09T11:12:34.988Z,0.000393
0.082541,155726,0.082039,149352,BitMart,DOGE/USDT,2022-11-09T11:12:34.988Z,0.000502
0.082583,39095,0.081994,91517,BitMart,DOGE/USDT,2022-11-09T11:12:34.988Z,0.000589
0.082611,55903,0.081944,70734,BitMart,DOGE/USDT,2022-11-09T11:12:34.988Z,0.000667
0.082652,108776,0.081899,158548,BitMart,DOGE/USDT,2022-11-09T11:12:34.988Z,0.000753
0.082659,40518,0.081842,158234,BitMart,DOGE/USDT,2022-11-09T11:12:34.988Z,0.000817
0.082704,59001,0.081801,45891,BitMart,DOGE/USDT,2022-11-09T11:12:34.988Z,0.000903
0.082719,44582,0.081789,99721,BitMart,DOGE/USDT,2022-11-09T11:12:34.988Z,0.00093
0.08276,153159,0.081734,147574,BitMart,DOGE/USDT,2022-11-09T11:12:34.988Z,0.001026
0.082801,169221,0.081723,130893,BitMart,DOGE/USDT,2022-11-09T11:12:34.988Z,0.001078
0.082842,152467,0.081682,47456,BitMart,DOGE/USDT,2022-11-09T11:12:34.988Z,0.00116
0.082892,46589,0.08166,2448,BitMart,DOGE/USDT,2022-11-09T11:12:34.988Z,0.001232
0.082948,41752,0.081659,110814,BitMart,DOGE/USDT,2022-11-09T11:12:34.988Z,0.001289
0.082553,44.14,0.082546,54.36,Gate.io,DOGE/USDT,2022-11-09T11:12:44.573Z,7.00E-06
0.082569,12.43,0.082528,1316.48,Gate.io,DOGE/USDT,2022-11-09T11:12:44.573Z,4.10E-05
0.082586,347.63,0.082527,5500,Gate.io,DOGE/USDT,2022-11-09T11:12:44.573Z,5.90E-05
0.08261,307.2,0.082523,1316.48,Gate.io,DOGE/USDT,2022-11-09T11:12:44.573Z,8.70E-05
0.082617,1517.21,0.082508,803.33,Gate.io,DOGE/USDT,2022-11-09T11:12:44.573Z,0.000109
0.082618,12.86,0.082501,1316.48,Gate.io,DOGE/USDT,2022-11-09T11:12:44.573Z,0.000117
0.08262,204785.94,0.0825,1316.48,Gate.io,DOGE/USDT,2022-11-09T11:12:44.573Z,0.00012
0.082632,1000,0.082482,6816.48,Gate.io,DOGE/USDT,2022-11-09T11:12:44.573Z,0.00015
0.082633,586474.47,0.082479,1316.48,Gate.io,DOGE/USDT,2022-11-09T11:12:44.573Z,0.000154
0.082637,35.14,0.082478,1316.48,Gate.io,DOGE/USDT,2022-11-09T11:12:44.573Z,0.000159
0.082643,27.28,0.082469,1316.48,Gate.io,DOGE/USDT,2022-11-09T11:12:44.573Z,0.000174
0.082659,5920.66,0.082461,1316.48,Gate.io,DOGE/USDT,2022-11-09T11:12:44.573Z,0.000198
0.082673,57.94,0.082458,32747.52,Gate.io,DOGE/USDT,2022-11-09T11:12:44.573Z,0.000215
0.082678,539,0.082457,1316.48,Gate.io,DOGE/USDT,2022-11-09T11:12:44.573Z,0.000221
0.082696,403746.1,0.082453,1316.48,Gate.io,DOGE/USDT,2022-11-09T11:12:44.573Z,0.000243
0.082698,17.45,0.082446,1316.48,Gate.io,DOGE/USDT,2022-11-09T11:12:44.573Z,0.000252
0.0827,1906.76,0.082445,1316.48,Gate.io,DOGE/USDT,2022-11-09T11:12:44.573Z,0.000255
0.082723,662.59,0.082444,1316.48,Gate.io,DOGE/USDT,2022-11-09T11:12:44.573Z,0.000279
0.082727,503.47,0.082443,1316.48,Gate.io,DOGE/USDT,2022-11-09T11:12:44.573Z,0.000284
0.082736,26.7,0.082439,1316.48,Gate.io,DOGE/USDT,2022-11-09T11:12:44.573Z,0.000297
0.082665,3000.0023,0.082445,3000.0008,Bitget,DOGE/USDT,2022-11-09T11:12:56.185Z,0.00022
0.082667,3000.0045,0.082443,3000.0004,Bitget,DOGE/USDT,2022-11-09T11:12:56.185Z,0.000224
0.082669,3000.0011,0.082441,3000.0025,Bitget,DOGE/USDT,2022-11-09T11:12:56.185Z,0.000228
0.082671,3000.0002,0.082439,3000.001,Bitget,DOGE/USDT,2022-11-09T11:12:56.185Z,0.000232
0.082673,3000.0024,0.082437,3000.0005,Bitget,DOGE/USDT,2022-11-09T11:12:56.185Z,0.000236
0.082675,3676.662,0.082435,3619.2086,Bitget,DOGE/USDT,2022-11-09T11:12:56.185Z,0.00024
0.082685,3324.915,0.082425,9419.7763,Bitget,DOGE/USDT,2022-11-09T11:12:56.185Z,0.00026
0.08269,3000.0021,0.082417,3528.2412,Bitget,DOGE/USDT,2022-11-09T11:12:56.185Z,0.000273
0.082695,131601.195,0.082416,3598.6401,Bitget,DOGE/USDT,2022-11-09T11:12:56.185Z,0.000279
0.082705,17227.485,0.082415,4580.1613,Bitget,DOGE/USDT,2022-11-09T11:12:56.185Z,0.00029
0.08271,3000.004,0.082405,12333.9446,Bitget,DOGE/USDT,2022-11-09T11:12:56.185Z,0.000305
0.082715,4281.0075,0.082395,8727.9103,Bitget,DOGE/USDT,2022-11-09T11:12:56.185Z,0.00032
0.082722,6435,0.082385,26582.4881,Bitget,DOGE/USDT,2022-11-09T11:12:56.185Z,0.000337
0.082725,26377.3293,0.082381,22229.3706,Bitget,DOGE/USDT,2022-11-09T11:12:56.185Z,0.000344
0.082726,3000.0043,0.082378,483138.1412,Bitget,DOGE/USDT,2022-11-09T11:12:56.185Z,0.000348
0.082728,6435,0.082377,4455,Bitget,DOGE/USDT,2022-11-09T11:12:56.185Z,0.000351
0.08273,3000.0032,0.082375,11414.7805,Bitget,DOGE/USDT,2022-11-09T11:12:56.185Z,0.000355
0.082732,518377.6358,0.08237,3000.001,Bitget,DOGE/USDT,2022-11-09T11:12:56.185Z,0.000362
0.082733,26367.0759,0.082365,11983.1996,Bitget,DOGE/USDT,2022-11-09T11:12:56.185Z,0.000368
0.082735,35767.3976,0.082362,9603,Bitget,DOGE/USDT,2022-11-09T11:12:56.185Z,0.000373
0.082837,1648,0.082789,661,BitMart,DOGE/USDT,2022-11-09T11:13:07.050Z,4.80E-05
0.082839,963,0.082783,1648,BitMart,DOGE/USDT,2022-11-09T11:13:07.050Z,5.60E-05
0.082841,477,0.082781,1305,BitMart,DOGE/USDT,2022-11-09T11:13:07.050Z,6.00E-05
0.082842,1130,0.082779,1691,BitMart,DOGE/USDT,2022-11-09T11:13:07.050Z,6.30E-05
0.082844,1216,0.082766,413,BitMart,DOGE/USDT,2022-11-09T11:13:07.050Z,7.80E-05
0.082846,1394,0.082764,490,BitMart,DOGE/USDT,2022-11-09T11:13:07.050Z,8.20E-05
0.082847,609,0.08276,1454,BitMart,DOGE/USDT,2022-11-09T11:13:07.050Z,8.70E-05
0.082849,1280,0.082758,752,BitMart,DOGE/USDT,2022-11-09T11:13:07.050Z,9.10E-05
0.082892,46589,0.082756,1010,BitMart,DOGE/USDT,2022-11-09T11:13:07.050Z,0.000136
0.082948,41752,0.082753,1449,BitMart,DOGE/USDT,2022-11-09T11:13:07.050Z,0.000195
0.083009,43578,0.082748,1066,BitMart,DOGE/USDT,2022-11-09T11:13:07.050Z,0.000261
0.083059,92506,0.082729,60,BitMart,DOGE/USDT,2022-11-09T11:13:07.050Z,0.00033
0.08311,158026,0.082723,987,BitMart,DOGE/USDT,2022-11-09T11:13:07.050Z,0.000387
0.083176,59225,0.082708,98240,BitMart,DOGE/USDT,2022-11-09T11:13:07.050Z,0.000468
0.0832,73202,0.082667,50823,BitMart,DOGE/USDT,2022-11-09T11:13:07.050Z,0.000533
0.083241,130483,0.082608,134469,BitMart,DOGE/USDT,2022-11-09T11:13:07.050Z,0.000633
0.083257,75565,0.082567,79183,BitMart,DOGE/USDT,2022-11-09T11:13:07.050Z,0.00069
0.083323,155257,0.082551,822,BitMart,DOGE/USDT,2022-11-09T11:13:07.050Z,0.000772
0.083363,73459,0.082536,564,BitMart,DOGE/USDT,2022-11-09T11:13:07.050Z,0.000827
0.083403,83587,0.082526,157053,BitMart,DOGE/USDT,2022-11-09T11:13:07.050Z,0.000877
0.082899,1316.48,0.082853,5500,Gate.io,DOGE/USDT,2022-11-09T11:13:16.395Z,4.60E-05
0.0829,803.33,0.082849,87.31,Gate.io,DOGE/USDT,2022-11-09T11:13:16.395Z,5.10E-05
0.082904,5500,0.082837,5500,Gate.io,DOGE/USDT,2022-11-09T11:13:16.395Z,6.70E-05
0.082928,1517.21,0.082833,1316.48,Gate.io,DOGE/USDT,2022-11-09T11:13:16.395Z,9.50E-05
0.08293,12.61,0.082832,1316.48,Gate.io,DOGE/USDT,2022-11-09T11:13:16.395Z,9.80E-05
0.082941,20.48,0.082812,2119.81,Gate.io,DOGE/USDT,2022-11-09T11:13:16.395Z,0.000129
0.082943,6133.27,0.082808,1316.48,Gate.io,DOGE/USDT,2022-11-09T11:13:16.395Z,0.000135
0.08295,347.63,0.082807,1316.48,Gate.io,DOGE/USDT,2022-11-09T11:13:16.395Z,0.000143
0.08296,1107.71,0.082806,1316.48,Gate.io,DOGE/USDT,2022-11-09T11:13:16.395Z,0.000154
0.082972,696.92,0.082803,1316.48,Gate.io,DOGE/USDT,2022-11-09T11:13:16.395Z,0.000169
0.082991,6124.41,0.08277,1105.79,Gate.io,DOGE/USDT,2022-11-09T11:13:16.395Z,0.000221
0.082993,6058.95,0.082748,5892.17,Gate.io,DOGE/USDT,2022-11-09T11:13:16.395Z,0.000245
0.082994,22.96,0.082737,1316.48,Gate.io,DOGE/USDT,2022-11-09T11:13:16.395Z,0.000257
0.083,7821.54,0.082735,1316.48,Gate.io,DOGE/USDT,2022-11-09T11:13:16.395Z,0.000265
0.083013,1906.5,0.082733,30542.56,Gate.io,DOGE/USDT,2022-11-09T11:13:16.395Z,0.00028
0.083015,14.11,0.082731,1316.48,Gate.io,DOGE/USDT,2022-11-09T11:13:16.395Z,0.000284
0.083036,6067.52,0.08273,1316.48,Gate.io,DOGE/USDT,2022-11-09T11:13:16.395Z,0.000306
0.083055,2000,0.082715,1316.48,Gate.io,DOGE/USDT,2022-11-09T11:13:16.395Z,0.00034
0.083062,661.1,0.082714,2575.18,Gate.io,DOGE/USDT,2022-11-09T11:13:16.395Z,0.000348
0.083072,17864.54,0.082699,6174.28,Gate.io,DOGE/USDT,2022-11-09T11:13:16.395Z,0.000373
0.082895,850.4552,0.082749,29273.4436,Bitget,DOGE/USDT,2022-11-09T11:13:28.251Z,0.000146
0.082945,3000.0025,0.082747,21287.8824,Bitget,DOGE/USDT,2022-11-09T11:13:28.251Z,0.000198
0.082947,3000.0011,0.082715,3000.0018,Bitget,DOGE/USDT,2022-11-09T11:13:28.251Z,0.000232
0.082949,3806.6973,0.082713,3000.0048,Bitget,DOGE/USDT,2022-11-09T11:13:28.251Z,0.000236
0.082951,10017.6245,0.082711,3000.0021,Bitget,DOGE/USDT,2022-11-09T11:13:28.251Z,0.00024
0.082953,26362.1699,0.082709,3000.0048,Bitget,DOGE/USDT,2022-11-09T11:13:28.251Z,0.000244
0.082955,69374.1312,0.082707,5012.7799,Bitget,DOGE/USDT,2022-11-09T11:13:28.251Z,0.000248
0.082965,18838.1724,0.082705,13191.5259,Bitget,DOGE/USDT,2022-11-09T11:13:28.251Z,0.00026
0.082975,47468.52,0.082695,4028.8239,Bitget,DOGE/USDT,2022-11-09T11:13:28.251Z,0.00028
0.082985,87538.9888,0.082685,11476.201,Bitget,DOGE/USDT,2022-11-09T11:13:28.251Z,0.0003
0.08299,3000.0039,0.082675,38426.2582,Bitget,DOGE/USDT,2022-11-09T11:13:28.251Z,0.000315
0.082994,3000.0009,0.082669,3000.0028,Bitget,DOGE/USDT,2022-11-09T11:13:28.251Z,0.000325
0.082995,45435.39,0.082668,4455,Bitget,DOGE/USDT,2022-11-09T11:13:28.251Z,0.000327
0.082999,3000.0021,0.082665,12961.008,Bitget,DOGE/USDT,2022-11-09T11:13:28.251Z,0.000334
0.083005,46158.7951,0.082659,14776.1163,Bitget,DOGE/USDT,2022-11-09T11:13:28.251Z,0.000346
0.083007,469746.359,0.082658,3000.0006,Bitget,DOGE/USDT,2022-11-09T11:13:28.251Z,0.000349
0.083014,3000.0018,0.082655,26051.3116,Bitget,DOGE/USDT,2022-11-09T11:13:28.251Z,0.000359
0.083015,9060.1247,0.082654,9603,Bitget,DOGE/USDT,2022-11-09T11:13:28.251Z,0.000361
0.08302,3000.0016,0.082653,478526.6647,Bitget,DOGE/USDT,2022-11-09T11:13:28.251Z,0.000367
0.083024,3000.0021,0.082645,12658.7942,Bitget,DOGE/USDT,2022-11-09T11:13:28.251Z,0.000379
0.082816,1496,0.082804,1148,BitMart,DOGE/USDT,2022-11-09T11:13:40.092Z,1.20E-05
0.082819,824,0.082798,1384,BitMart,DOGE/USDT,2022-11-09T11:13:40.092Z,2.10E-05
0.082831,1716,0.082793,1177,BitMart,DOGE/USDT,2022-11-09T11:13:40.092Z,3.80E-05
0.082837,1353,0.082781,882,BitMart,DOGE/USDT,2022-11-09T11:13:40.092Z,5.60E-05
0.082847,918,0.082779,584,BitMart,DOGE/USDT,2022-11-09T11:13:40.092Z,6.80E-05
0.082849,1590,0.082771,1137,BitMart,DOGE/USDT,2022-11-09T11:13:40.092Z,7.80E-05
0.08285,1493,0.082766,670,BitMart,DOGE/USDT,2022-11-09T11:13:40.092Z,8.40E-05
0.082852,589,0.082744,1474,BitMart,DOGE/USDT,2022-11-09T11:13:40.092Z,0.000108
0.082866,1351,0.082738,1320,BitMart,DOGE/USDT,2022-11-09T11:13:40.092Z,0.000128
0.082871,934,0.082736,1070,BitMart,DOGE/USDT,2022-11-09T11:13:40.092Z,0.000135
0.082908,140031,0.082733,1331,BitMart,DOGE/USDT,2022-11-09T11:13:40.092Z,0.000175
0.082953,81593,0.082731,1692,BitMart,DOGE/USDT,2022-11-09T11:13:40.092Z,0.000222
0.082968,70679,0.082729,1620,BitMart,DOGE/USDT,2022-11-09T11:13:40.092Z,0.000239
0.083009,43578,0.082728,697,BitMart,DOGE/USDT,2022-11-09T11:13:40.092Z,0.000281
0.083059,92506,0.082678,152786,BitMart,DOGE/USDT,2022-11-09T11:13:40.092Z,0.000381
0.08311,158026,0.082637,113438,BitMart,DOGE/USDT,2022-11-09T11:13:40.092Z,0.000473
0.083176,59225,0.082567,79183,BitMart,DOGE/USDT,2022-11-09T11:13:40.092Z,0.000609
0.0832,73202,0.082526,157053,BitMart,DOGE/USDT,2022-11-09T11:13:40.092Z,0.000674
0.083241,130483,0.082484,74409,BitMart,DOGE/USDT,2022-11-09T11:13:40.092Z,0.000757
0.083257,75565,0.082423,135165,BitMart,DOGE/USDT,2022-11-09T11:13:40.092Z,0.000834
0.082876,43.54,0.082853,5500,Gate.io,DOGE/USDT,2022-11-09T11:13:50.015Z,2.30E-05
0.082897,1517.21,0.082852,85.48,Gate.io,DOGE/USDT,2022-11-09T11:13:50.015Z,4.50E-05
0.0829,5500,0.08283,2119.81,Gate.io,DOGE/USDT,2022-11-09T11:13:50.015Z,7.00E-05
0.08293,1120.6,0.082829,1316.48,Gate.io,DOGE/USDT,2022-11-09T11:13:50.015Z,0.000101
0.082941,20.48,0.082805,1517.21,Gate.io,DOGE/USDT,2022-11-09T11:13:50.015Z,0.000136
0.082944,6081.96,0.082797,5500,Gate.io,DOGE/USDT,2022-11-09T11:13:50.015Z,0.000147
0.08295,347.63,0.082741,1316.48,Gate.io,DOGE/USDT,2022-11-09T11:13:50.015Z,0.000209
0.082972,696.92,0.08274,4840.05,Gate.io,DOGE/USDT,2022-11-09T11:13:50.015Z,0.000232
0.08299,204785.94,0.082731,1316.48,Gate.io,DOGE/USDT,2022-11-09T11:13:50.015Z,0.000259
0.082991,6031.79,0.08273,2424.16,Gate.io,DOGE/USDT,2022-11-09T11:13:50.015Z,0.000261
0.082994,22.96,0.082725,30542.56,Gate.io,DOGE/USDT,2022-11-09T11:13:50.015Z,0.000269
0.083,12821.54,0.082718,5999.12,Gate.io,DOGE/USDT,2022-11-09T11:13:50.015Z,0.000282
0.083001,1906.54,0.082715,1316.48,Gate.io,DOGE/USDT,2022-11-09T11:13:50.015Z,0.000286
0.083005,5995.62,0.082714,1316.48,Gate.io,DOGE/USDT,2022-11-09T11:13:50.015Z,0.000291
0.083009,1000,0.082695,1257.94,Gate.io,DOGE/USDT,2022-11-09T11:13:50.015Z,0.000314
0.08301,586474.47,0.082694,8529.29,Gate.io,DOGE/USDT,2022-11-09T11:13:50.015Z,0.000316
0.083015,14.11,0.082693,1057.73,Gate.io,DOGE/USDT,2022-11-09T11:13:50.015Z,0.000322
0.083033,403746.1,0.082686,1427.38,Gate.io,DOGE/USDT,2022-11-09T11:13:50.015Z,0.000347
0.083035,2000,0.082677,1558.85,Gate.io,DOGE/USDT,2022-11-09T11:13:50.015Z,0.000358
0.083045,2000,0.082676,24152.84,Gate.io,DOGE/USDT,2022-11-09T11:13:50.015Z,0.000369
0.083045,3000.0014,0.08286,1905.8414,Bitget,DOGE/USDT,2022-11-09T11:14:01.783Z,0.000185
0.083047,3000.0013,0.082825,3000.0027,Bitget,DOGE/USDT,2022-11-09T11:14:01.783Z,0.000222
0.083049,3000.0001,0.082823,3000.0042,Bitget,DOGE/USDT,2022-11-09T11:14:01.783Z,0.000226
0.083051,3000.0006,0.082821,3000.0006,Bitget,DOGE/USDT,2022-11-09T11:14:01.783Z,0.00023
0.083053,3000.0001,0.082819,3000.0048,Bitget,DOGE/USDT,2022-11-09T11:14:01.783Z,0.000234
0.083055,3000.0003,0.082817,3000.0011,Bitget,DOGE/USDT,2022-11-09T11:14:01.783Z,0.000238
0.083065,6074.64,0.082815,3364.9158,Bitget,DOGE/USDT,2022-11-09T11:14:01.783Z,0.00025
0.08307,3000.0004,0.082807,6435,Bitget,DOGE/USDT,2022-11-09T11:14:01.783Z,0.000263
0.083075,44639.1,0.082805,5364.3668,Bitget,DOGE/USDT,2022-11-09T11:14:01.783Z,0.00027
0.08308,3217.995,0.082804,3000.0018,Bitget,DOGE/USDT,2022-11-09T11:14:01.783Z,0.000276
0.083085,3000.0023,0.082795,4617.9068,Bitget,DOGE/USDT,2022-11-09T11:14:01.783Z,0.00029
0.08309,3000.0022,0.082785,7795.8068,Bitget,DOGE/USDT,2022-11-09T11:14:01.783Z,0.000305
0.083095,9816.675,0.082777,3000.0024,Bitget,DOGE/USDT,2022-11-09T11:14:01.783Z,0.000318
0.083099,6435,0.082775,39789.5855,Bitget,DOGE/USDT,2022-11-09T11:14:01.783Z,0.000324
0.083105,10764.3756,0.08277,3000.0004,Bitget,DOGE/USDT,2022-11-09T11:14:01.783Z,0.000335
0.08311,3578.5233,0.082769,3000.0006,Bitget,DOGE/USDT,2022-11-09T11:14:01.783Z,0.000341
0.083112,512980.0582,0.082766,3000,Bitget,DOGE/USDT,2022-11-09T11:14:01.783Z,0.000346
0.083115,58452.2099,0.082765,35654.2529,Bitget,DOGE/USDT,2022-11-09T11:14:01.783Z,0.00035
0.08312,99000,0.082762,4455,Bitget,DOGE/USDT,2022-11-09T11:14:01.783Z,0.000358
0.083125,107353.9234,0.08276,9603,Bitget,DOGE/USDT,2022-11-09T11:14:01.783Z,0.000365
0.082972,1007,0.082941,1705,BitMart,DOGE/USDT,2022-11-09T11:14:13.678Z,3.10E-05
0.082976,1178,0.082939,1235,BitMart,DOGE/USDT,2022-11-09T11:14:13.678Z,3.70E-05
0.082982,1397,0.082926,522,BitMart,DOGE/USDT,2022-11-09T11:14:13.678Z,5.60E-05
0.082984,1674,0.082924,997,BitMart,DOGE/USDT,2022-11-09T11:14:13.678Z,6.00E-05
0.082986,490,0.082918,1497,BitMart,DOGE/USDT,2022-11-09T11:14:13.678Z,6.80E-05
0.082989,618,0.082916,1610,BitMart,DOGE/USDT,2022-11-09T11:14:13.678Z,7.30E-05
0.082991,443,0.082849,728,BitMart,DOGE/USDT,2022-11-09T11:14:13.678Z,0.000142
0.082997,1630,0.082843,625,BitMart,DOGE/USDT,2022-11-09T11:14:13.678Z,0.000154
0.082999,1608,0.082841,170,BitMart,DOGE/USDT,2022-11-09T11:14:13.678Z,0.000158
0.083001,460,0.082839,637,BitMart,DOGE/USDT,2022-11-09T11:14:13.678Z,0.000162
0.08301,121204,0.082833,662,BitMart,DOGE/USDT,2022-11-09T11:14:13.678Z,0.000177
0.083062,74738,0.082831,960,BitMart,DOGE/USDT,2022-11-09T11:14:13.678Z,0.000231
0.083105,85521,0.082829,1034,BitMart,DOGE/USDT,2022-11-09T11:14:13.678Z,0.000276
0.08311,158026,0.082823,1026,BitMart,DOGE/USDT,2022-11-09T11:14:13.678Z,0.000287
0.083176,59225,0.082818,977,BitMart,DOGE/USDT,2022-11-09T11:14:13.678Z,0.000358
0.0832,73202,0.082816,1566,BitMart,DOGE/USDT,2022-11-09T11:14:13.678Z,0.000384
0.083241,130483,0.082814,1525,BitMart,DOGE/USDT,2022-11-09T11:14:13.678Z,0.000427
0.083257,75565,0.082813,88461,BitMart,DOGE/USDT,2022-11-09T11:14:13.678Z,0.000444
0.083323,155257,0.08281,1665,BitMart,DOGE/USDT,2022-11-09T11:14:13.678Z,0.000513
0.083363,73459,0.082756,1657,BitMart,DOGE/USDT,2022-11-09T11:14:13.678Z,0.000607
0.083152,1316.48,0.08313,43.1,Gate.io,DOGE/USDT,2022-11-09T11:14:23.952Z,2.20E-05
0.083153,1316.48,0.08309,803.33,Gate.io,DOGE/USDT,2022-11-09T11:14:23.952Z,6.30E-05
0.083154,85,0.083083,1316.48,Gate.io,DOGE/USDT,2022-11-09T11:14:23.952Z,7.10E-05
0.083173,1925.6,0.083013,14757.73,Gate.io,DOGE/USDT,2022-11-09T11:14:23.952Z,0.00016
0.083174,803.33,0.083006,5947.08,Gate.io,DOGE/USDT,2022-11-09T11:14:23.952Z,0.000168
0.083175,1316.48,0.082997,240.97,Gate.io,DOGE/USDT,2022-11-09T11:14:23.952Z,0.000178
0.083176,1316.48,0.082986,4825.69,Gate.io,DOGE/USDT,2022-11-09T11:14:23.952Z,0.00019
0.083177,16.22,0.082967,1911.65,Gate.io,DOGE/USDT,2022-11-09T11:14:23.952Z,0.00021
0.083186,1517.21,0.082965,1942.3,Gate.io,DOGE/USDT,2022-11-09T11:14:23.952Z,0.000221
0.083188,12.34,0.082961,5945.32,Gate.io,DOGE/USDT,2022-11-09T11:14:23.952Z,0.000227
0.0832,4199.44,0.08296,1752.63,Gate.io,DOGE/USDT,2022-11-09T11:14:23.952Z,0.00024
0.083201,12.77,0.082957,2475.67,Gate.io,DOGE/USDT,2022-11-09T11:14:23.952Z,0.000244
0.08322,12.34,0.082955,2892.78,Gate.io,DOGE/USDT,2022-11-09T11:14:23.952Z,0.000265
0.08323,1103.64,0.082948,1553.64,Gate.io,DOGE/USDT,2022-11-09T11:14:23.952Z,0.000282
0.08325,200,0.082945,2000,Gate.io,DOGE/USDT,2022-11-09T11:14:23.952Z,0.000305
0.083252,14.05,0.08294,22721,Gate.io,DOGE/USDT,2022-11-09T11:14:23.952Z,0.000312
0.083257,6162.55,0.082936,24076.66,Gate.io,DOGE/USDT,2022-11-09T11:14:23.952Z,0.000321
0.083261,1906.37,0.082924,204785.94,Gate.io,DOGE/USDT,2022-11-09T11:14:23.952Z,0.000337
0.083278,57.95,0.082915,2000,Gate.io,DOGE/USDT,2022-11-09T11:14:23.952Z,0.000363
0.083282,45.43,0.082908,403746.1,Gate.io,DOGE/USDT,2022-11-09T11:14:23.952Z,0.000374
0.08315,3000.0011,0.082925,3000.0035,Bitget,DOGE/USDT,2022-11-09T11:14:35.364Z,0.000225
0.083152,3000.0005,0.082923,3000.0032,Bitget,DOGE/USDT,2022-11-09T11:14:35.364Z,0.000229
0.083154,3000.0047,0.082921,3000.0021,Bitget,DOGE/USDT,2022-11-09T11:14:35.364Z,0.000233
0.083156,3000.0044,0.082919,3000.0047,Bitget,DOGE/USDT,2022-11-09T11:14:35.364Z,0.000237
0.083158,3000.0001,0.082917,3000.0007,Bitget,DOGE/USDT,2022-11-09T11:14:35.364Z,0.000241
0.08316,3000.0047,0.082915,3000.0042,Bitget,DOGE/USDT,2022-11-09T11:14:35.364Z,0.000245
0.083165,10823.175,0.082907,4502.7378,Bitget,DOGE/USDT,2022-11-09T11:14:35.364Z,0.000258
0.08317,14891.58,0.082906,3000.001,Bitget,DOGE/USDT,2022-11-09T11:14:35.364Z,0.000264
0.083175,6599.976,0.082905,7322.7865,Bitget,DOGE/USDT,2022-11-09T11:14:35.364Z,0.00027
0.083195,8415,0.082895,18635.9183,Bitget,DOGE/USDT,2022-11-09T11:14:35.364Z,0.0003
0.083203,6435,0.082894,3960,Bitget,DOGE/USDT,2022-11-09T11:14:35.364Z,0.000309
0.083205,12028.1841,0.082885,5143.9191,Bitget,DOGE/USDT,2022-11-09T11:14:35.364Z,0.00032
0.083207,3000.0026,0.082875,9281.0486,Bitget,DOGE/USDT,2022-11-09T11:14:35.364Z,0.000332
0.083215,571806.0158,0.082868,4455,Bitget,DOGE/USDT,2022-11-09T11:14:35.364Z,0.000347
0.083222,9603,0.082865,8794.5441,Bitget,DOGE/USDT,2022-11-09T11:14:35.364Z,0.000357
0.083225,16538.0372,0.08286,525903.4374,Bitget,DOGE/USDT,2022-11-09T11:14:35.364Z,0.000365
0.083235,9436.782,0.082855,9503.5894,Bitget,DOGE/USDT,2022-11-09T11:14:35.364Z,0.00038
0.08324,3000.0012,0.08285,3579.8202,Bitget,DOGE/USDT,2022-11-09T11:14:35.364Z,0.00039
0.083245,38431.9477,0.082845,41860.6189,Bitget,DOGE/USDT,2022-11-09T11:14:35.364Z,0.0004
0.083247,155229.4854,0.082841,3000.002,Bitget,DOGE/USDT,2022-11-09T11:14:35.364Z,0.000406
0.083087,947,0.083034,1310,BitMart,DOGE/USDT,2022-11-09T11:14:46.116Z,5.30E-05
0.083092,918,0.083033,1410,BitMart,DOGE/USDT,2022-11-09T11:14:46.116Z,5.90E-05
0.083096,826,0.083031,954,BitMart,DOGE/USDT,2022-11-09T11:14:46.116Z,6.50E-05
0.083097,1354,0.083028,1645,BitMart,DOGE/USDT,2022-11-09T11:14:46.116Z,6.90E-05
0.083101,1063,0.083026,1264,BitMart,DOGE/USDT,2022-11-09T11:14:46.116Z,7.50E-05
0.083107,808,0.083024,742,BitMart,DOGE/USDT,2022-11-09T11:14:46.116Z,8.30E-05
0.083109,1295,0.083018,632,BitMart,DOGE/USDT,2022-11-09T11:14:46.116Z,9.10E-05
0.083111,1410,0.083011,1712,BitMart,DOGE/USDT,2022-11-09T11:14:46.116Z,0.0001
0.083114,1432,0.083008,1401,BitMart,DOGE/USDT,2022-11-09T11:14:46.116Z,0.000106
0.083116,680,0.083004,1630,BitMart,DOGE/USDT,2022-11-09T11:14:46.116Z,0.000112
0.083117,1167,0.082999,531,BitMart,DOGE/USDT,2022-11-09T11:14:46.116Z,0.000118
0.083121,1590,0.082923,144361,BitMart,DOGE/USDT,2022-11-09T11:14:46.116Z,0.000198
0.083144,1344,0.082881,104434,BitMart,DOGE/USDT,2022-11-09T11:14:46.116Z,0.000263
0.083197,58627,0.08286,132879,BitMart,DOGE/USDT,2022-11-09T11:14:46.116Z,0.000337
0.083241,130483,0.082813,88461,BitMart,DOGE/USDT,2022-11-09T11:14:46.116Z,0.000428
0.083257,75565,0.082743,173148,BitMart,DOGE/USDT,2022-11-09T11:14:46.116Z,0.000514
0.083323,155257,0.082678,152786,BitMart,DOGE/USDT,2022-11-09T11:14:46.116Z,0.000645
0.083363,73459,0.082637,113438,BitMart,DOGE/USDT,2022-11-09T11:14:46.116Z,0.000726
0.083403,83587,0.082567,79183,BitMart,DOGE/USDT,2022-11-09T11:14:46.116Z,0.000836
0.083444,160709,0.082526,157053,BitMart,DOGE/USDT,2022-11-09T11:14:46.116Z,0.000918
0.083136,85.03,0.083112,43.13,Gate.io,DOGE/USDT,2022-11-09T11:14:55.948Z,2.40E-05
0.083161,803.33,0.083064,803.33,Gate.io,DOGE/USDT,2022-11-09T11:14:55.948Z,9.70E-05
0.08317,2021.2,0.083055,1316.48,Gate.io,DOGE/USDT,2022-11-09T11:14:55.948Z,0.000115
0.083183,1316.48,0.083045,1316.48,Gate.io,DOGE/USDT,2022-11-09T11:14:55.948Z,0.000138
0.083186,1517.4,0.083044,1316.48,Gate.io,DOGE/USDT,2022-11-09T11:14:55.948Z,0.000142
0.083196,5500,0.082997,240.97,Gate.io,DOGE/USDT,2022-11-09T11:14:55.948Z,0.000199
0.0832,4199.44,0.082978,2893.37,Gate.io,DOGE/USDT,2022-11-09T11:14:55.948Z,0.000222
0.083201,12.77,0.082973,9807.3,Gate.io,DOGE/USDT,2022-11-09T11:14:55.948Z,0.000228
0.083202,200,0.082972,2966.95,Gate.io,DOGE/USDT,2022-11-09T11:14:55.948Z,0.00023
0.08322,12.34,0.08297,1107.9,Gate.io,DOGE/USDT,2022-11-09T11:14:55.948Z,0.00025
0.08323,1826.72,0.082968,204785.94,Gate.io,DOGE/USDT,2022-11-09T11:14:55.948Z,0.000262
0.083252,14.05,0.082965,1422.46,Gate.io,DOGE/USDT,2022-11-09T11:14:55.948Z,0.000287
0.08326,1103.35,0.082957,1553.93,Gate.io,DOGE/USDT,2022-11-09T11:14:55.948Z,0.000303
0.083273,5958.62,0.082929,26065,Gate.io,DOGE/USDT,2022-11-09T11:14:55.948Z,0.000344
0.083278,57.95,0.082926,403746.1,Gate.io,DOGE/USDT,2022-11-09T11:14:55.948Z,0.000352
0.08328,1906.37,0.082925,2000,Gate.io,DOGE/USDT,2022-11-09T11:14:55.948Z,0.000355
0.083282,45.43,0.082922,4829.35,Gate.io,DOGE/USDT,2022-11-09T11:14:55.948Z,0.00036
0.083294,204785.94,0.082912,17406.22,Gate.io,DOGE/USDT,2022-11-09T11:14:55.948Z,0.000382
0.083314,347.63,0.082902,2000,Gate.io,DOGE/USDT,2022-11-09T11:14:55.948Z,0.000412
0.083319,6039.05,0.08286,1640.88,Gate.io,DOGE/USDT,2022-11-09T11:14:55.948Z,0.000459
0.083245,3000.0018,0.08304,1896.0308,Bitget,DOGE/USDT,2022-11-09T11:15:07.780Z,0.000205
0.083247,3000.0027,0.083025,3000.0045,Bitget,DOGE/USDT,2022-11-09T11:15:07.780Z,0.000222
0.083249,3000.0026,0.083023,3000.0009,Bitget,DOGE/USDT,2022-11-09T11:15:07.780Z,0.000226
0.083251,3000.005,0.083021,3000.0041,Bitget,DOGE/USDT,2022-11-09T11:15:07.780Z,0.00023
0.083253,3000.005,0.083019,3000.0033,Bitget,DOGE/USDT,2022-11-09T11:15:07.780Z,0.000234
0.083255,3000.0004,0.083017,3000.0028,Bitget,DOGE/USDT,2022-11-09T11:15:07.780Z,0.000238
0.08326,3000.0006,0.083015,3000.0044,Bitget,DOGE/USDT,2022-11-09T11:15:07.780Z,0.000245
0.083265,65342.475,0.082999,6435,Bitget,DOGE/USDT,2022-11-09T11:15:07.780Z,0.000266
0.083275,4085.9523,0.082995,16581.51,Bitget,DOGE/USDT,2022-11-09T11:15:07.780Z,0.00028
0.083279,3000.0004,0.082985,39336.66,Bitget,DOGE/USDT,2022-11-09T11:15:07.780Z,0.000294
0.08328,6435,0.082975,5510.8697,Bitget,DOGE/USDT,2022-11-09T11:15:07.780Z,0.000305
0.083285,6813.1485,0.08297,14768.3349,Bitget,DOGE/USDT,2022-11-09T11:15:07.780Z,0.000315
0.083295,5006.6173,0.082968,4455,Bitget,DOGE/USDT,2022-11-09T11:15:07.780Z,0.000327
0.083302,3570.2667,0.082967,135845.0676,Bitget,DOGE/USDT,2022-11-09T11:15:07.780Z,0.000335
0.083303,3000.0038,0.082965,10932.1404,Bitget,DOGE/USDT,2022-11-09T11:15:07.780Z,0.000338
0.083305,11746.8197,0.082962,4754.574,Bitget,DOGE/USDT,2022-11-09T11:15:07.780Z,0.000343
0.083313,441791.9915,0.082957,468037.0603,Bitget,DOGE/USDT,2022-11-09T11:15:07.780Z,0.000356
0.083315,20388.9119,0.082955,18656.8794,Bitget,DOGE/USDT,2022-11-09T11:15:07.780Z,0.00036
0.083316,3000.0042,0.082952,9603,Bitget,DOGE/USDT,2022-11-09T11:15:07.780Z,0.000364
0.083325,28382.8296,0.082947,4802.2564,Bitget,DOGE/USDT,2022-11-09T11:15:07.780Z,0.000378
0.083022,1493,0.082949,1100,BitMart,DOGE/USDT,2022-11-09T11:15:19.148Z,7.30E-05
0.083024,1284,0.082943,1256,BitMart,DOGE/USDT,2022-11-09T11:15:19.148Z,8.10E-05
0.083026,1281,0.082941,848,BitMart,DOGE/USDT,2022-11-09T11:15:19.148Z,8.50E-05
0.083032,1710,0.082939,959,BitMart,DOGE/USDT,2022-11-09T11:15:19.148Z,9.30E-05
0.083034,1453,0.082931,389,BitMart,DOGE/USDT,2022-11-09T11:15:19.148Z,0.000103
0.083087,110879,0.082926,1334,BitMart,DOGE/USDT,2022-11-09T11:15:19.148Z,0.000161
0.083147,43066,0.08286,132879,BitMart,DOGE/USDT,2022-11-09T11:15:19.148Z,0.000287
0.083189,67321,0.082813,88461,BitMart,DOGE/USDT,2022-11-09T11:15:19.148Z,0.000376
0.083237,135182,0.082743,173148,BitMart,DOGE/USDT,2022-11-09T11:15:19.148Z,0.000494
0.083284,104412,0.082678,152786,BitMart,DOGE/USDT,2022-11-09T11:15:19.148Z,0.000606
0.083323,155257,0.082637,113438,BitMart,DOGE/USDT,2022-11-09T11:15:19.148Z,0.000686
0.083363,73459,0.082567,79183,BitMart,DOGE/USDT,2022-11-09T11:15:19.148Z,0.000796
0.083403,83587,0.082526,157053,BitMart,DOGE/USDT,2022-11-09T11:15:19.148Z,0.000877
0.083444,160709,0.082484,74409,BitMart,DOGE/USDT,2022-11-09T11:15:19.148Z,0.00096
0.083445,169297,0.082423,135165,BitMart,DOGE/USDT,2022-11-09T11:15:19.148Z,0.001022
0.083515,133470,0.082372,110334,BitMart,DOGE/USDT,2022-11-09T11:15:19.148Z,0.001143
0.083556,164214,0.082323,2428,BitMart,DOGE/USDT,2022-11-09T11:15:19.148Z,0.001233
0.083602,123206,0.082322,83958,BitMart,DOGE/USDT,2022-11-09T11:15:19.148Z,0.00128
0.083647,43503,0.08232,118601,BitMart,DOGE/USDT,2022-11-09T11:15:19.148Z,0.001327
0.083697,165327,0.082278,129628,BitMart,DOGE/USDT,2022-11-09T11:15:19.148Z,0.001419
0.08289,85.16,0.082868,1316.48,Gate.io,DOGE/USDT,2022-11-09T11:15:29.647Z,2.20E-05
0.082918,5500,0.082867,1316.48,Gate.io,DOGE/USDT,2022-11-09T11:15:29.647Z,5.10E-05
0.082964,6040.17,0.082866,43.32,Gate.io,DOGE/USDT,2022-11-09T11:15:29.647Z,9.80E-05
0.08299,1107.13,0.082826,5500,Gate.io,DOGE/USDT,2022-11-09T11:15:29.647Z,0.000164
0.083026,403746.1,0.082783,803.33,Gate.io,DOGE/USDT,2022-11-09T11:15:29.647Z,0.000243
0.083041,6055.26,0.082774,80.2,Gate.io,DOGE/USDT,2022-11-09T11:15:29.647Z,0.000267
0.083045,3000,0.082733,6104.1,Gate.io,DOGE/USDT,2022-11-09T11:15:29.647Z,0.000312
0.083046,586474.47,0.082723,661.1,Gate.io,DOGE/USDT,2022-11-09T11:15:29.647Z,0.000323
0.083047,5978.78,0.08272,1047.94,Gate.io,DOGE/USDT,2022-11-09T11:15:29.647Z,0.000327
0.083048,204785.94,0.082717,1257.73,Gate.io,DOGE/USDT,2022-11-09T11:15:29.647Z,0.000331
0.08308,3395.367656,0.082702,1496.05,Gate.io,DOGE/USDT,2022-11-09T11:15:29.647Z,0.000378
0.083101,2000,0.082701,4924.9,Gate.io,DOGE/USDT,2022-11-09T11:15:29.647Z,0.0004
0.083103,2000,0.0827,1758.9,Gate.io,DOGE/USDT,2022-11-09T11:15:29.647Z,0.000403
0.083124,10000,0.082693,1426.77,Gate.io,DOGE/USDT,2022-11-09T11:15:29.647Z,0.000431
0.083136,133.06,0.082692,1406.62,Gate.io,DOGE/USDT,2022-11-09T11:15:29.647Z,0.000444
0.083167,5430.36,0.082688,6121.68,Gate.io,DOGE/USDT,2022-11-09T11:15:29.647Z,0.000479
0.0832,4199.44,0.082685,1558.95,Gate.io,DOGE/USDT,2022-11-09T11:15:29.647Z,0.000515
0.083201,12.77,0.08268,4843.52,Gate.io,DOGE/USDT,2022-11-09T11:15:29.647Z,0.000521
0.08322,12.34,0.082663,403746.1,Gate.io,DOGE/USDT,2022-11-09T11:15:29.647Z,0.000557
0.083252,14.05,0.082655,204785.94,Gate.io,DOGE/USDT,2022-11-09T11:15:29.647Z,0.000597
0.083215,3000.0017,0.082996,3000.0025,Bitget,DOGE/USDT,2022-11-09T11:15:40.314Z,0.000219
0.083217,3000.0047,0.082994,3000.0036,Bitget,DOGE/USDT,2022-11-09T11:15:40.314Z,0.000223
0.083219,3368.0434,0.082992,3000.001,Bitget,DOGE/USDT,2022-11-09T11:15:40.314Z,0.000227
0.083221,8863.272,0.08299,3000.003,Bitget,DOGE/USDT,2022-11-09T11:15:40.314Z,0.000231
0.083223,23324.4,0.082988,3000.0045,Bitget,DOGE/USDT,2022-11-09T11:15:40.314Z,0.000235
0.083225,61380,0.082986,3000.0044,Bitget,DOGE/USDT,2022-11-09T11:15:40.314Z,0.000239
0.08323,3000.0034,0.082985,3611.0528,Bitget,DOGE/USDT,2022-11-09T11:15:40.314Z,0.000245
0.083235,3000.0038,0.082975,18589.23,Bitget,DOGE/USDT,2022-11-09T11:15:40.314Z,0.00026
0.08324,3000.0017,0.082965,15469.4136,Bitget,DOGE/USDT,2022-11-09T11:15:40.314Z,0.000275
0.083245,8162.55,0.082955,32966.8694,Bitget,DOGE/USDT,2022-11-09T11:15:40.314Z,0.00029
0.083255,3000.0045,0.082946,4455,Bitget,DOGE/USDT,2022-11-09T11:15:40.314Z,0.000309
0.08326,3000.0047,0.082945,9246.2594,Bitget,DOGE/USDT,2022-11-09T11:15:40.314Z,0.000315
0.083265,3000.0017,0.082935,35939.5696,Bitget,DOGE/USDT,2022-11-09T11:15:40.314Z,0.00033
0.083275,12813.5815,0.082928,450662.3205,Bitget,DOGE/USDT,2022-11-09T11:15:40.314Z,0.000347
0.083283,520668.1179,0.082925,10181.6854,Bitget,DOGE/USDT,2022-11-09T11:15:40.314Z,0.000358
0.083285,9561.8758,0.082923,3000.0003,Bitget,DOGE/USDT,2022-11-09T11:15:40.314Z,0.000362
0.083291,3000.0046,0.082922,11583,Bitget,DOGE/USDT,2022-11-09T11:15:40.314Z,0.000369
0.083292,3000.0015,0.082915,13942.9939,Bitget,DOGE/USDT,2022-11-09T11:15:40.314Z,0.000377
0.083293,4455,0.082905,27806.0909,Bitget,DOGE/USDT,2022-11-09T11:15:40.314Z,0.000388
0.083295,22064.0547,0.082903,3000,Bitget,DOGE/USDT,2022-11-09T11:15:40.314Z,0.000392
0.083234,496,0.083203,1489,BitMart,DOGE/USDT,2022-11-09T11:15:51.213Z,3.10E-05
0.083252,1244,0.083199,649,BitMart,DOGE/USDT,2022-11-09T11:15:51.213Z,5.30E-05
0.083254,592,0.083198,1568,BitMart,DOGE/USDT,2022-11-09T11:15:51.213Z,5.60E-05
0.083256,934,0.083196,1680,BitMart,DOGE/USDT,2022-11-09T11:15:51.213Z,6.00E-05
0.083259,400,0.083194,1643,BitMart,DOGE/USDT,2022-11-09T11:15:51.213Z,6.50E-05
0.083363,73459,0.083186,1319,BitMart,DOGE/USDT,2022-11-09T11:15:51.213Z,0.000177
0.083403,83587,0.083183,1572,BitMart,DOGE/USDT,2022-11-09T11:15:51.213Z,0.00022
0.083444,160709,0.083181,535,BitMart,DOGE/USDT,2022-11-09T11:15:51.213Z,0.000263
0.083445,169297,0.083179,872,BitMart,DOGE/USDT,2022-11-09T11:15:51.213Z,0.000266
0.083515,133470,0.083174,1621,BitMart,DOGE/USDT,2022-11-09T11:15:51.213Z,0.000341
0.083556,164214,0.083173,595,BitMart,DOGE/USDT,2022-11-09T11:15:51.213Z,0.000383
0.083602,123206,0.083171,1642,BitMart,DOGE/USDT,2022-11-09T11:15:51.213Z,0.000431
0.083647,43503,0.083169,400,BitMart,DOGE/USDT,2022-11-09T11:15:51.213Z,0.000478
0.083697,165327,0.083163,542,BitMart,DOGE/USDT,2022-11-09T11:15:51.213Z,0.000534
0.083738,43156,0.083161,1154,BitMart,DOGE/USDT,2022-11-09T11:15:51.213Z,0.000577
0.083799,132795,0.083146,1132,BitMart,DOGE/USDT,2022-11-09T11:15:51.213Z,0.000653
0.083867,159150,0.083144,622,BitMart,DOGE/USDT,2022-11-09T11:15:51.213Z,0.000723
0.08393,145644,0.083083,66811,BitMart,DOGE/USDT,2022-11-09T11:15:51.213Z,0.000847
0.083966,55270,0.083041,172646,BitMart,DOGE/USDT,2022-11-09T11:15:51.213Z,0.000925
0.084008,147304,0.082973,94971,BitMart,DOGE/USDT,2022-11-09T11:15:51.213Z,0.001035
0.083366,1316.48,0.08323,1047.89,Gate.io,DOGE/USDT,2022-11-09T11:16:01.453Z,0.000136
0.083367,84.85,0.083222,30542.56,Gate.io,DOGE/USDT,2022-11-09T11:16:01.453Z,0.000145
0.083381,803.33,0.083206,6144.74,Gate.io,DOGE/USDT,2022-11-09T11:16:01.453Z,0.000175
0.083382,2207.2,0.083198,5862.32,Gate.io,DOGE/USDT,2022-11-09T11:16:01.453Z,0.000184
0.083411,1517.31,0.083157,1937.91,Gate.io,DOGE/USDT,2022-11-09T11:16:01.453Z,0.000254
0.083429,6771.54,0.083152,27669.97,Gate.io,DOGE/USDT,2022-11-09T11:16:01.453Z,0.000277
0.083438,80.2,0.08314,4816.72,Gate.io,DOGE/USDT,2022-11-09T11:16:01.453Z,0.000298
0.083447,12.62,0.083113,615.08,Gate.io,DOGE/USDT,2022-11-09T11:16:01.453Z,0.000334
0.083454,27.28,0.083104,14588.62,Gate.io,DOGE/USDT,2022-11-09T11:16:01.453Z,0.00035
0.08346,1517.27,0.083088,24006.72,Gate.io,DOGE/USDT,2022-11-09T11:16:01.453Z,0.000372
0.083461,6117.07,0.083084,204785.94,Gate.io,DOGE/USDT,2022-11-09T11:16:01.453Z,0.000377
0.083469,40.98,0.083065,2000,Gate.io,DOGE/USDT,2022-11-09T11:16:01.453Z,0.000404
0.083472,34.77,0.083062,657.65,Gate.io,DOGE/USDT,2022-11-09T11:16:01.453Z,0.00041
0.083496,14.63,0.083049,5397.26,Gate.io,DOGE/USDT,2022-11-09T11:16:01.453Z,0.000447
0.083498,1906.26,0.083022,403746.1,Gate.io,DOGE/USDT,2022-11-09T11:16:01.453Z,0.000476
0.0835,48878.55,0.082987,12525.69,Gate.io,DOGE/USDT,2022-11-09T11:16:01.453Z,0.000513
0.083515,12.46,0.08297,9653.16,Gate.io,DOGE/USDT,2022-11-09T11:16:01.453Z,0.000545
0.08352,6090.66,0.08296,36021.32,Gate.io,DOGE/USDT,2022-11-09T11:16:01.453Z,0.00056
0.083532,10775.48,0.08295,348.24,Gate.io,DOGE/USDT,2022-11-09T11:16:01.453Z,0.000582
0.083541,1099.48,0.082944,19312.43,Gate.io,DOGE/USDT,2022-11-09T11:16:01.453Z,0.000597
0.083517,3000.0028,0.083295,1896.4561,Bitget,DOGE/USDT,2022-11-09T11:16:12.413Z,0.000222
0.083519,3000.0024,0.083293,3000.002,Bitget,DOGE/USDT,2022-11-09T11:16:12.413Z,0.000226
0.083521,3000.0021,0.083291,3000.002,Bitget,DOGE/USDT,2022-11-09T11:16:12.413Z,0.00023
0.083523,3000.0018,0.083289,3000.003,Bitget,DOGE/USDT,2022-11-09T11:16:12.413Z,0.000234
0.083525,3000.0022,0.083287,3000.004,Bitget,DOGE/USDT,2022-11-09T11:16:12.413Z,0.000238
0.083527,3967.0508,0.083285,5847.5688,Bitget,DOGE/USDT,2022-11-09T11:16:12.413Z,0.000242
0.083532,24760.89,0.083283,15388.3391,Bitget,DOGE/USDT,2022-11-09T11:16:12.413Z,0.000249
0.083537,41785.722,0.083273,17038.7977,Bitget,DOGE/USDT,2022-11-09T11:16:12.413Z,0.000264
0.083547,3000.0026,0.083263,9559.8427,Bitget,DOGE/USDT,2022-11-09T11:16:12.413Z,0.000284
0.083556,12.8052,0.083259,68584.7547,Bitget,DOGE/USDT,2022-11-09T11:16:12.413Z,0.000297
0.083557,19232.433,0.083258,3083.7906,Bitget,DOGE/USDT,2022-11-09T11:16:12.413Z,0.000299
0.083562,76440.87,0.083257,4754.574,Bitget,DOGE/USDT,2022-11-09T11:16:12.413Z,0.000305
0.083567,42358.932,0.083253,15538.2308,Bitget,DOGE/USDT,2022-11-09T11:16:12.413Z,0.000314
0.083572,3000.001,0.083244,4455,Bitget,DOGE/USDT,2022-11-09T11:16:12.413Z,0.000328
0.083577,9429.2756,0.083243,14468.6058,Bitget,DOGE/USDT,2022-11-09T11:16:12.413Z,0.000334
0.083584,492644.5928,0.083233,36999.9303,Bitget,DOGE/USDT,2022-11-09T11:16:12.413Z,0.000351
0.083587,7486.0989,0.083231,14744.6739,Bitget,DOGE/USDT,2022-11-09T11:16:12.413Z,0.000356
0.083597,4662.739,0.083229,161933.2506,Bitget,DOGE/USDT,2022-11-09T11:16:12.413Z,0.000368
0.083602,3000.0013,0.083226,475205.8462,Bitget,DOGE/USDT,2022-11-09T11:16:12.413Z,0.000376
0.083607,33398.4113,0.083223,8336.9553,Bitget,DOGE/USDT,2022-11-09T11:16:12.413Z,0.000384
0.083634,1066,0.083499,672,BitMart,DOGE/USDT,2022-11-09T11:16:23.275Z,0.000135
0.083638,73824,0.083497,1100,BitMart,DOGE/USDT,2022-11-09T11:16:23.275Z,0.000141
0.083653,134235,0.083491,686,BitMart,DOGE/USDT,2022-11-09T11:16:23.275Z,0.000162
0.083697,165327,0.083489,596,BitMart,DOGE/USDT,2022-11-09T11:16:23.275Z,0.000208
0.083738,43156,0.083486,1440,BitMart,DOGE/USDT,2022-11-09T11:16:23.275Z,0.000252
0.083799,132795,0.083484,808,BitMart,DOGE/USDT,2022-11-09T11:16:23.275Z,0.000315
0.083867,159150,0.083476,1215,BitMart,DOGE/USDT,2022-11-09T11:16:23.275Z,0.000391
0.08393,145644,0.083474,865,BitMart,DOGE/USDT,2022-11-09T11:16:23.275Z,0.000456
0.083966,55270,0.083472,977,BitMart,DOGE/USDT,2022-11-09T11:16:23.275Z,0.000494
0.084008,147304,0.083459,1369,BitMart,DOGE/USDT,2022-11-09T11:16:23.275Z,0.000549
0.08402,84069,0.083422,117424,BitMart,DOGE/USDT,2022-11-09T11:16:23.275Z,0.000598
0.084062,46596,0.083399,664,BitMart,DOGE/USDT,2022-11-09T11:16:23.275Z,0.000663
0.0841,21232,0.083367,83418,BitMart,DOGE/USDT,2022-11-09T11:16:23.275Z,0.000733
0.084103,80002,0.083357,115527,BitMart,DOGE/USDT,2022-11-09T11:16:23.275Z,0.000746
0.084174,125424,0.083316,157656,BitMart,DOGE/USDT,2022-11-09T11:16:23.275Z,0.000858
0.084233,114323,0.083242,89218,BitMart,DOGE/USDT,2022-11-09T11:16:23.275Z,0.000991
0.084274,137415,0.083177,51931,BitMart,DOGE/USDT,2022-11-09T11:16:23.275Z,0.001097
0.084316,74974,0.083136,98752,BitMart,DOGE/USDT,2022-11-09T11:16:23.275Z,0.00118
0.084387,69572,0.083083,66811,BitMart,DOGE/USDT,2022-11-09T11:16:23.275Z,0.001304
0.084458,125931,0.083041,172646,BitMart,DOGE/USDT,2022-11-09T11:16:23.275Z,0.001417
0.083337,42.97,0.083313,84.92,Gate.io,DOGE/USDT,2022-11-09T11:16:33.074Z,2.40E-05
0.083374,863.01,0.08329,803.33,Gate.io,DOGE/USDT,2022-11-09T11:16:33.074Z,8.40E-05
0.083375,1316.48,0.083289,1316.48,Gate.io,DOGE/USDT,2022-11-09T11:16:33.074Z,8.60E-05
0.083376,1316.48,0.083286,1316.48,Gate.io,DOGE/USDT,2022-11-09T11:16:33.074Z,9.00E-05
0.083377,1316.48,0.083285,1516.88,Gate.io,DOGE/USDT,2022-11-09T11:16:33.074Z,9.20E-05
0.083378,1516.88,0.083281,1316.48,Gate.io,DOGE/USDT,2022-11-09T11:16:33.074Z,9.70E-05
0.08338,1102.07,0.083273,1316.48,Gate.io,DOGE/USDT,2022-11-09T11:16:33.074Z,0.000107
0.083415,6058.31,0.083272,1316.48,Gate.io,DOGE/USDT,2022-11-09T11:16:33.074Z,0.000143
0.083465,1906.74,0.083271,1316.48,Gate.io,DOGE/USDT,2022-11-09T11:16:33.074Z,0.000194
0.083477,5957.13,0.083269,1316.48,Gate.io,DOGE/USDT,2022-11-09T11:16:33.074Z,0.000208
0.083493,1177.21,0.083268,1316.48,Gate.io,DOGE/USDT,2022-11-09T11:16:33.074Z,0.000225
0.083517,2000,0.083267,1316.48,Gate.io,DOGE/USDT,2022-11-09T11:16:33.074Z,0.00025
0.083525,11149.6,0.083266,6816.48,Gate.io,DOGE/USDT,2022-11-09T11:16:33.074Z,0.000259
0.083534,42.54,0.083247,1316.48,Gate.io,DOGE/USDT,2022-11-09T11:16:33.074Z,0.000287
0.083552,24016.23,0.083246,1316.48,Gate.io,DOGE/USDT,2022-11-09T11:16:33.074Z,0.000306
0.08362,5399.08,0.083224,10439.57,Gate.io,DOGE/USDT,2022-11-09T11:16:33.074Z,0.000396
0.08363,204785.94,0.083202,30542.56,Gate.io,DOGE/USDT,2022-11-09T11:16:33.074Z,0.000428
0.083642,119557.16,0.0832,5500,Gate.io,DOGE/USDT,2022-11-09T11:16:33.074Z,0.000442
0.083664,22069.19,0.083197,6017.6,Gate.io,DOGE/USDT,2022-11-09T11:16:33.074Z,0.000467
0.083674,403746.1,0.083184,961.44,Gate.io,DOGE/USDT,2022-11-09T11:16:33.074Z,0.00049
0.083507,3000.0047,0.083324,1895.7961,Bitget,DOGE/USDT,2022-11-09T11:16:44.475Z,0.000183
0.083509,3000.0031,0.083289,3000.0019,Bitget,DOGE/USDT,2022-11-09T11:16:44.475Z,0.00022
0.083511,3000.0001,0.083287,3000.0014,Bitget,DOGE/USDT,2022-11-09T11:16:44.475Z,0.000224
0.083513,3000.0033,0.083285,3000.0018,Bitget,DOGE/USDT,2022-11-09T11:16:44.475Z,0.000228
0.083515,3000.0029,0.083283,3000.0048,Bitget,DOGE/USDT,2022-11-09T11:16:44.475Z,0.000232
0.083517,3000.003,0.083281,3000.0012,Bitget,DOGE/USDT,2022-11-09T11:16:44.475Z,0.000236
0.083527,3000.0034,0.083279,3523.6785,Bitget,DOGE/USDT,2022-11-09T11:16:44.475Z,0.000248
0.083537,45361.8,0.083278,3000.0022,Bitget,DOGE/USDT,2022-11-09T11:16:44.475Z,0.000259
0.083543,3000.0048,0.083263,4029.6906,Bitget,DOGE/USDT,2022-11-09T11:16:44.475Z,0.00028
0.083544,6435,0.083253,23275.9635,Bitget,DOGE/USDT,2022-11-09T11:16:44.475Z,0.000291
0.083547,3000.0036,0.083251,3000.0048,Bitget,DOGE/USDT,2022-11-09T11:16:44.475Z,0.000296
0.083554,3000.0029,0.08325,3000.0026,Bitget,DOGE/USDT,2022-11-09T11:16:44.475Z,0.000304
0.083556,12.8052,0.083249,6435,Bitget,DOGE/USDT,2022-11-09T11:16:44.475Z,0.000307
0.083557,6453.3796,0.083243,9787.3814,Bitget,DOGE/USDT,2022-11-09T11:16:44.475Z,0.000314
0.083566,3000,0.083233,19493.527,Bitget,DOGE/USDT,2022-11-09T11:16:44.475Z,0.000333
0.083567,14795.054,0.083228,3328.5879,Bitget,DOGE/USDT,2022-11-09T11:16:44.475Z,0.000339
0.083569,3558.9312,0.083223,35197.965,Bitget,DOGE/USDT,2022-11-09T11:16:44.475Z,0.000346
0.083572,3000.0031,0.083219,501417.0482,Bitget,DOGE/USDT,2022-11-09T11:16:44.475Z,0.000353
0.083573,3000.003,0.083213,36018.9987,Bitget,DOGE/USDT,2022-11-09T11:16:44.475Z,0.00036
0.083577,558476.2326,0.083207,9603,Bitget,DOGE/USDT,2022-11-09T11:16:44.475Z,0.00037
0.083252,1184,0.083169,960,BitMart,DOGE/USDT,2022-11-09T11:16:57.957Z,8.30E-05
0.083377,141059,0.083163,890,BitMart,DOGE/USDT,2022-11-09T11:16:57.957Z,0.000214
0.083401,58989,0.083161,1042,BitMart,DOGE/USDT,2022-11-09T11:16:57.957Z,0.00024
0.083442,43870,0.083159,600,BitMart,DOGE/USDT,2022-11-09T11:16:57.957Z,0.000283
0.083463,119528,0.083154,1438,BitMart,DOGE/USDT,2022-11-09T11:16:57.957Z,0.000309
0.083518,100485,0.083151,386,BitMart,DOGE/USDT,2022-11-09T11:16:57.957Z,0.000367
0.083569,43566,0.083148,1542,BitMart,DOGE/USDT,2022-11-09T11:16:57.957Z,0.000421
0.083638,73824,0.083146,1500,BitMart,DOGE/USDT,2022-11-09T11:16:57.957Z,0.000492
0.083653,134235,0.083136,1062,BitMart,DOGE/USDT,2022-11-09T11:16:57.957Z,0.000517
0.083697,165327,0.083134,1366,BitMart,DOGE/USDT,2022-11-09T11:16:57.957Z,0.000563
0.083738,43156,0.083103,72204,BitMart,DOGE/USDT,2022-11-09T11:16:57.957Z,0.000635
0.083799,132795,0.083096,1019,BitMart,DOGE/USDT,2022-11-09T11:16:57.957Z,0.000703
0.083867,159150,0.083088,1325,BitMart,DOGE/USDT,2022-11-09T11:16:57.957Z,0.000779
0.08393,145644,0.083041,172646,BitMart,DOGE/USDT,2022-11-09T11:16:57.957Z,0.000889
0.083966,55270,0.082973,94971,BitMart,DOGE/USDT,2022-11-09T11:16:57.957Z,0.000993
0.084008,147304,0.082916,96635,BitMart,DOGE/USDT,2022-11-09T11:16:57.957Z,0.001092
0.08402,84069,0.082875,82836,BitMart,DOGE/USDT,2022-11-09T11:16:57.957Z,0.001145
0.084062,46596,0.082833,92037,BitMart,DOGE/USDT,2022-11-09T11:16:57.957Z,0.001229
0.0841,21232,0.082792,122891,BitMart,DOGE/USDT,2022-11-09T11:16:57.957Z,0.001308
0.084103,80002,0.082725,53712,BitMart,DOGE/USDT,2022-11-09T11:16:57.957Z,0.001378
0.083247,8614.69,0.083246,62.74,Gate.io,DOGE/USDT,2022-11-09T11:17:07.809Z,1.00E-06
0.083281,84.91,0.083206,803.33,Gate.io,DOGE/USDT,2022-11-09T11:17:07.809Z,7.50E-05
0.083284,1316.48,0.083197,1316.48,Gate.io,DOGE/USDT,2022-11-09T11:17:07.809Z,8.70E-05
0.083286,5500,0.083196,1516.88,Gate.io,DOGE/USDT,2022-11-09T11:17:07.809Z,9.00E-05
0.083289,1316.48,0.083164,1316.48,Gate.io,DOGE/USDT,2022-11-09T11:17:07.809Z,0.000125
0.08329,12409.2,0.083163,1316.48,Gate.io,DOGE/USDT,2022-11-09T11:17:07.809Z,0.000127
0.083305,5500,0.083138,6130.87,Gate.io,DOGE/USDT,2022-11-09T11:17:07.809Z,0.000167
0.083375,1906.7,0.083128,4818.47,Gate.io,DOGE/USDT,2022-11-09T11:17:07.809Z,0.000247
0.08338,1102.14,0.083116,4020.72,Gate.io,DOGE/USDT,2022-11-09T11:17:07.809Z,0.000264
0.083396,6086.35,0.083093,5881.75,Gate.io,DOGE/USDT,2022-11-09T11:17:07.809Z,0.000303
0.083438,80.2,0.08309,1193.39,Gate.io,DOGE/USDT,2022-11-09T11:17:07.809Z,0.000348
0.083472,6011.15,0.083085,2000,Gate.io,DOGE/USDT,2022-11-09T11:17:07.809Z,0.000387
0.083476,27654,0.083083,1749.91,Gate.io,DOGE/USDT,2022-11-09T11:17:07.809Z,0.000393
0.083481,1150.24,0.083081,1939.53,Gate.io,DOGE/USDT,2022-11-09T11:17:07.809Z,0.0004
0.083486,2000,0.083078,1251.58,Gate.io,DOGE/USDT,2022-11-09T11:17:07.809Z,0.000408
0.08352,204785.94,0.083077,2961.27,Gate.io,DOGE/USDT,2022-11-09T11:17:07.809Z,0.000443
0.083534,42.54,0.083076,2887.79,Gate.io,DOGE/USDT,2022-11-09T11:17:07.809Z,0.000458
0.083548,5406.18,0.083069,1419.74,Gate.io,DOGE/USDT,2022-11-09T11:17:07.809Z,0.000479
0.083552,403746.1,0.083068,9643.93,Gate.io,DOGE/USDT,2022-11-09T11:17:07.809Z,0.000484
0.083555,10000,0.083062,657.65,Gate.io,DOGE/USDT,2022-11-09T11:17:07.809Z,0.000493
0.083345,3000.0027,0.08316,1899.5348,Bitget,DOGE/USDT,2022-11-09T11:17:19.136Z,0.000185
0.083347,3000.0048,0.083125,3000.0003,Bitget,DOGE/USDT,2022-11-09T11:17:19.136Z,0.000222
0.083349,3000.0045,0.083123,3000.0018,Bitget,DOGE/USDT,2022-11-09T11:17:19.136Z,0.000226
0.083351,3000.0016,0.083121,3000.0036,Bitget,DOGE/USDT,2022-11-09T11:17:19.136Z,0.00023
0.083353,3000.0027,0.083119,3000.0039,Bitget,DOGE/USDT,2022-11-09T11:17:19.136Z,0.000234
0.083355,3000.0012,0.083117,3000.0021,Bitget,DOGE/USDT,2022-11-09T11:17:19.136Z,0.000238
0.08336,3000.0022,0.083115,3000.005,Bitget,DOGE/USDT,2022-11-09T11:17:19.136Z,0.000245
0.083365,7603.8968,0.083113,6435,Bitget,DOGE/USDT,2022-11-09T11:17:19.136Z,0.000252
0.08337,76440.87,0.083105,3000.0022,Bitget,DOGE/USDT,2022-11-09T11:17:19.136Z,0.000265
0.083375,11155.9789,0.083099,3000.0014,Bitget,DOGE/USDT,2022-11-09T11:17:19.136Z,0.000276
0.083383,3000.0032,0.083095,29063.43,Bitget,DOGE/USDT,2022-11-09T11:17:19.136Z,0.000288
0.083384,3000.0003,0.083085,600684.7809,Bitget,DOGE/USDT,2022-11-09T11:17:19.136Z,0.000299
0.083385,10552.2973,0.083079,3000.0019,Bitget,DOGE/USDT,2022-11-09T11:17:19.136Z,0.000306
0.083386,6435,0.083078,3666.3264,Bitget,DOGE/USDT,2022-11-09T11:17:19.136Z,0.000308
0.08339,3000.0035,0.083075,8934.1545,Bitget,DOGE/USDT,2022-11-09T11:17:19.136Z,0.000315
0.083391,3000.0048,0.083065,24577.8584,Bitget,DOGE/USDT,2022-11-09T11:17:19.136Z,0.000326
0.083395,9421.7197,0.083057,467441.975,Bitget,DOGE/USDT,2022-11-09T11:17:19.136Z,0.000338
0.083396,3566.2374,0.083055,4194.8086,Bitget,DOGE/USDT,2022-11-09T11:17:19.136Z,0.000341
0.083402,3960,0.083053,14744.6739,Bitget,DOGE/USDT,2022-11-09T11:17:19.136Z,0.000349
0.083405,3366.163,0.083047,9603,Bitget,DOGE/USDT,2022-11-09T11:17:19.136Z,0.000358
0.083226,1399,0.083189,1277,BitMart,DOGE/USDT,2022-11-09T11:17:31.089Z,3.70E-05
0.083231,1509,0.083186,1687,BitMart,DOGE/USDT,2022-11-09T11:17:31.089Z,4.50E-05
0.083234,1181,0.083184,995,BitMart,DOGE/USDT,2022-11-09T11:17:31.089Z,5.00E-05
0.083236,1663,0.083183,528,BitMart,DOGE/USDT,2022-11-09T11:17:31.089Z,5.30E-05
0.083237,385,0.083181,559,BitMart,DOGE/USDT,2022-11-09T11:17:31.089Z,5.60E-05
0.083239,779,0.083179,391,BitMart,DOGE/USDT,2022-11-09T11:17:31.089Z,6.00E-05
0.083242,412,0.083178,659,BitMart,DOGE/USDT,2022-11-09T11:17:31.089Z,6.40E-05
0.083244,1160,0.083176,1420,BitMart,DOGE/USDT,2022-11-09T11:17:31.089Z,6.80E-05
0.083246,750,0.083174,959,BitMart,DOGE/USDT,2022-11-09T11:17:31.089Z,7.20E-05
0.083251,827,0.083173,1441,BitMart,DOGE/USDT,2022-11-09T11:17:31.089Z,7.80E-05
0.083252,691,0.083171,1577,BitMart,DOGE/USDT,2022-11-09T11:17:31.089Z,8.10E-05
0.083254,667,0.083169,951,BitMart,DOGE/USDT,2022-11-09T11:17:31.089Z,8.50E-05
0.083256,951,0.083164,396,BitMart,DOGE/USDT,2022-11-09T11:17:31.089Z,9.20E-05
0.083257,1370,0.083163,733,BitMart,DOGE/USDT,2022-11-09T11:17:31.089Z,9.40E-05
0.083259,1459,0.083154,1536,BitMart,DOGE/USDT,2022-11-09T11:17:31.089Z,0.000105
0.083261,655,0.083151,539,BitMart,DOGE/USDT,2022-11-09T11:17:31.089Z,0.00011
0.083262,781,0.083149,771,BitMart,DOGE/USDT,2022-11-09T11:17:31.089Z,0.000113
0.083264,1676,0.083041,172646,BitMart,DOGE/USDT,2022-11-09T11:17:31.089Z,0.000223
0.083266,1499,0.082973,94971,BitMart,DOGE/USDT,2022-11-09T11:17:31.089Z,0.000293
0.083267,1323,0.082916,96635,BitMart,DOGE/USDT,2022-11-09T11:17:31.089Z,0.000351
0.083137,5585,0.083113,43.13,Gate.io,DOGE/USDT,2022-11-09T11:17:41.311Z,2.40E-05
0.083161,5500,0.083095,803.33,Gate.io,DOGE/USDT,2022-11-09T11:17:41.311Z,6.60E-05
0.083168,763.46,0.083086,1516.88,Gate.io,DOGE/USDT,2022-11-09T11:17:41.311Z,8.20E-05
0.0832,2119.81,0.083066,1316.48,Gate.io,DOGE/USDT,2022-11-09T11:17:41.311Z,0.000134
0.083212,1863.3,0.083062,6157.65,Gate.io,DOGE/USDT,2022-11-09T11:17:41.311Z,0.00015
0.083217,1316.48,0.083024,6118.26,Gate.io,DOGE/USDT,2022-11-09T11:17:41.311Z,0.000193
0.083232,1316.48,0.083009,4826.77,Gate.io,DOGE/USDT,2022-11-09T11:17:41.311Z,0.000223
0.083242,1316.48,0.083,50,Gate.io,DOGE/USDT,2022-11-09T11:17:41.311Z,0.000242
0.083251,6046.87,0.082982,1254,Gate.io,DOGE/USDT,2022-11-09T11:17:41.311Z,0.000269
0.083264,1906.88,0.08298,30542.56,Gate.io,DOGE/USDT,2022-11-09T11:17:41.311Z,0.000284
0.083283,204785.94,0.082965,5914.88,Gate.io,DOGE/USDT,2022-11-09T11:17:41.311Z,0.000318
0.083288,4389.35,0.082957,2000,Gate.io,DOGE/USDT,2022-11-09T11:17:41.311Z,0.000331
0.083294,5908.76,0.08295,348.24,Gate.io,DOGE/USDT,2022-11-09T11:17:41.311Z,0.000344
0.083305,2000,0.082936,1753.28,Gate.io,DOGE/USDT,2022-11-09T11:17:41.311Z,0.000369
0.083308,403746.1,0.082935,2966.99,Gate.io,DOGE/USDT,2022-11-09T11:17:41.311Z,0.000373
0.08331,1103.15,0.082932,4836.64,Gate.io,DOGE/USDT,2022-11-09T11:17:41.311Z,0.000378
0.083328,17299.02,0.08293,204785.94,Gate.io,DOGE/USDT,2022-11-09T11:17:41.311Z,0.000398
0.083329,27546,0.082926,23676,Gate.io,DOGE/USDT,2022-11-09T11:17:41.311Z,0.000403
0.083335,2000,0.082925,1422.49,Gate.io,DOGE/USDT,2022-11-09T11:17:41.311Z,0.00041
0.083355,10000,0.082924,24080.72,Gate.io,DOGE/USDT,2022-11-09T11:17:41.311Z,0.000431
0.083285,3000.003,0.083079,1901.3868,Bitget,DOGE/USDT,2022-11-09T11:17:52.256Z,0.000206
0.083287,3000.0049,0.083065,3000.0011,Bitget,DOGE/USDT,2022-11-09T11:17:52.256Z,0.000222
0.083289,3000.0035,0.083063,3000.0047,Bitget,DOGE/USDT,2022-11-09T11:17:52.256Z,0.000226
0.083291,3000.0013,0.083061,3000.0043,Bitget,DOGE/USDT,2022-11-09T11:17:52.256Z,0.00023
0.083293,3000.001,0.083059,3000.0036,Bitget,DOGE/USDT,2022-11-09T11:17:52.256Z,0.000234
0.083295,3000.0014,0.083057,3000.0041,Bitget,DOGE/USDT,2022-11-09T11:17:52.256Z,0.000238
0.083305,3000.0006,0.083055,3000.001,Bitget,DOGE/USDT,2022-11-09T11:17:52.256Z,0.00025
0.083307,5683.3524,0.083054,6435,Bitget,DOGE/USDT,2022-11-09T11:17:52.256Z,0.000253
0.083309,6435,0.083051,3000.004,Bitget,DOGE/USDT,2022-11-09T11:17:52.256Z,0.000258
0.083315,3000.0004,0.083049,9405,Bitget,DOGE/USDT,2022-11-09T11:17:52.256Z,0.000266
0.083325,8496.4017,0.083045,17226.7103,Bitget,DOGE/USDT,2022-11-09T11:17:52.256Z,0.00028
0.083335,18816.7148,0.083036,3000.0047,Bitget,DOGE/USDT,2022-11-09T11:17:52.256Z,0.000299
0.083336,3000.0037,0.083035,13179.389,Bitget,DOGE/USDT,2022-11-09T11:17:52.256Z,0.000301
0.083342,3960,0.083025,28846.994,Bitget,DOGE/USDT,2022-11-09T11:17:52.256Z,0.000317
0.083345,5473.9139,0.083015,8129.1247,Bitget,DOGE/USDT,2022-11-09T11:17:52.256Z,0.00033
0.083353,441555.6311,0.083013,3000.0043,Bitget,DOGE/USDT,2022-11-09T11:17:52.256Z,0.00034
0.083355,6959.6935,0.08301,29127.2942,Bitget,DOGE/USDT,2022-11-09T11:17:52.256Z,0.000345
0.083356,3000.0034,0.083008,22034.8698,Bitget,DOGE/USDT,2022-11-09T11:17:52.256Z,0.000348
0.083361,3000.0017,0.083007,41649.6889,Bitget,DOGE/USDT,2022-11-09T11:17:52.256Z,0.000354
0.083362,4455,0.083005,27326.7719,Bitget,DOGE/USDT,2022-11-09T11:17:52.256Z,0.000357
0.083226,791,0.083184,782,BitMart,DOGE/USDT,2022-11-09T11:18:03.355Z,4.20E-05
0.083227,1622,0.083183,960,BitMart,DOGE/USDT,2022-11-09T11:18:03.355Z,4.40E-05
0.083242,1064,0.083181,1249,BitMart,DOGE/USDT,2022-11-09T11:18:03.355Z,6.10E-05
0.083252,1229,0.083179,1676,BitMart,DOGE/USDT,2022-11-09T11:18:03.355Z,7.30E-05
0.083254,1259,0.083178,1105,BitMart,DOGE/USDT,2022-11-09T11:18:03.355Z,7.60E-05
0.083257,1460,0.083173,973,BitMart,DOGE/USDT,2022-11-09T11:18:03.355Z,8.40E-05
0.083262,1648,0.083171,517,BitMart,DOGE/USDT,2022-11-09T11:18:03.355Z,9.10E-05
0.083264,961,0.083169,847,BitMart,DOGE/USDT,2022-11-09T11:18:03.355Z,9.50E-05
0.083266,568,0.083163,699,BitMart,DOGE/USDT,2022-11-09T11:18:03.355Z,0.000103
0.083271,1289,0.083161,1667,BitMart,DOGE/USDT,2022-11-09T11:18:03.355Z,0.00011
0.083281,489,0.083159,734,BitMart,DOGE/USDT,2022-11-09T11:18:03.355Z,0.000122
0.083296,1124,0.083154,796,BitMart,DOGE/USDT,2022-11-09T11:18:03.355Z,0.000142
0.083302,1453,0.083148,681,BitMart,DOGE/USDT,2022-11-09T11:18:03.355Z,0.000154
0.083377,138328,0.083144,525,BitMart,DOGE/USDT,2022-11-09T11:18:03.355Z,0.000233
0.083419,138964,0.083103,154780,BitMart,DOGE/USDT,2022-11-09T11:18:03.355Z,0.000316
0.083442,43870,0.083061,132390,BitMart,DOGE/USDT,2022-11-09T11:18:03.355Z,0.000381
0.083463,119528,0.083029,162410,BitMart,DOGE/USDT,2022-11-09T11:18:03.355Z,0.000434
0.083518,100485,0.082973,94971,BitMart,DOGE/USDT,2022-11-09T11:18:03.355Z,0.000545
0.083569,43566,0.082916,96635,BitMart,DOGE/USDT,2022-11-09T11:18:03.355Z,0.000653
0.083638,73824,0.082875,82836,BitMart,DOGE/USDT,2022-11-09T11:18:03.355Z,0.000763
0.083305,43,0.083298,6303.33,Gate.io,DOGE/USDT,2022-11-09T11:18:13.711Z,7.00E-06
0.083373,803.33,0.083289,5500,Gate.io,DOGE/USDT,2022-11-09T11:18:13.711Z,8.40E-05
0.083381,1539.22,0.083281,84.92,Gate.io,DOGE/USDT,2022-11-09T11:18:13.711Z,0.0001
0.083388,1860.5,0.083275,1517.89,Gate.io,DOGE/USDT,2022-11-09T11:18:13.711Z,0.000113
0.083391,1100.3,0.083249,4811.89,Gate.io,DOGE/USDT,2022-11-09T11:18:13.711Z,0.000142
0.083409,6109.23,0.083244,1316.48,Gate.io,DOGE/USDT,2022-11-09T11:18:13.711Z,0.000165
0.083427,43,0.083243,1316.48,Gate.io,DOGE/USDT,2022-11-09T11:18:13.711Z,0.000184
0.083438,80.2,0.083241,1316.48,Gate.io,DOGE/USDT,2022-11-09T11:18:13.711Z,0.000197
0.08344,2205.68,0.083237,1316.48,Gate.io,DOGE/USDT,2022-11-09T11:18:13.711Z,0.000203
0.083454,1906.65,0.083235,1316.48,Gate.io,DOGE/USDT,2022-11-09T11:18:13.711Z,0.000219
0.083467,403746.1,0.083234,1316.48,Gate.io,DOGE/USDT,2022-11-09T11:18:13.711Z,0.000233
0.083474,204785.94,0.083198,6017.53,Gate.io,DOGE/USDT,2022-11-09T11:18:13.711Z,0.000276
0.08348,12013.79,0.083172,10884.1,Gate.io,DOGE/USDT,2022-11-09T11:18:13.711Z,0.000308
0.083484,100,0.083154,5936.57,Gate.io,DOGE/USDT,2022-11-09T11:18:13.711Z,0.00033
0.083491,2000,0.083137,268159.3,Gate.io,DOGE/USDT,2022-11-09T11:18:13.711Z,0.000354
0.083534,42.54,0.083136,4710.61,Gate.io,DOGE/USDT,2022-11-09T11:18:13.711Z,0.000398
0.083552,1000,0.083135,6826.62,Gate.io,DOGE/USDT,2022-11-09T11:18:13.711Z,0.000417
0.083553,586474.47,0.083132,2000,Gate.io,DOGE/USDT,2022-11-09T11:18:13.711Z,0.000421
0.083579,11982.46,0.083128,1419.54,Gate.io,DOGE/USDT,2022-11-09T11:18:13.711Z,0.000451
0.083591,5401.69,0.083119,1550.74,Gate.io,DOGE/USDT,2022-11-09T11:18:13.711Z,0.000472
0.083507,3000.0008,0.083283,3000.0016,Bitget,DOGE/USDT,2022-11-09T11:18:24.545Z,0.000224
0.083509,3000.0048,0.083281,3000.0041,Bitget,DOGE/USDT,2022-11-09T11:18:24.545Z,0.000228
0.083511,3000.0043,0.083279,3000.0022,Bitget,DOGE/USDT,2022-11-09T11:18:24.545Z,0.000232
0.083513,3093.3617,0.083277,3000.0004,Bitget,DOGE/USDT,2022-11-09T11:18:24.545Z,0.000236
0.083515,8140.4255,0.083275,3757.5478,Bitget,DOGE/USDT,2022-11-09T11:18:24.545Z,0.00024
0.083517,21422.1724,0.083273,9888.2837,Bitget,DOGE/USDT,2022-11-09T11:18:24.545Z,0.000244
0.083547,3000.0011,0.083272,3582.4041,Bitget,DOGE/USDT,2022-11-09T11:18:24.545Z,0.000275
0.083556,12.8052,0.083271,14221.4589,Bitget,DOGE/USDT,2022-11-09T11:18:24.545Z,0.000285
0.083557,7304.2629,0.083264,19540.0854,Bitget,DOGE/USDT,2022-11-09T11:18:24.545Z,0.000293
0.083566,3000,0.083263,52813.8389,Bitget,DOGE/USDT,2022-11-09T11:18:24.545Z,0.000303
0.083567,60805.008,0.08326,1895.5229,Bitget,DOGE/USDT,2022-11-09T11:18:24.545Z,0.000307
0.083574,510137.3447,0.083253,10599.3381,Bitget,DOGE/USDT,2022-11-09T11:18:24.545Z,0.000321
0.083577,14122.2114,0.083243,35477.3739,Bitget,DOGE/USDT,2022-11-09T11:18:24.545Z,0.000334
0.083586,3000.0032,0.083235,14713.3701,Bitget,DOGE/USDT,2022-11-09T11:18:24.545Z,0.000351
0.083587,41897.9081,0.083234,4455,Bitget,DOGE/USDT,2022-11-09T11:18:24.545Z,0.000353
0.083591,3000.0008,0.083233,108829.2985,Bitget,DOGE/USDT,2022-11-09T11:18:24.545Z,0.000358
0.083597,3587.162,0.083232,66718.7298,Bitget,DOGE/USDT,2022-11-09T11:18:24.545Z,0.000365
0.083607,54060.1396,0.083229,213882.365,Bitget,DOGE/USDT,2022-11-09T11:18:24.545Z,0.000378
0.083608,3000.0007,0.083223,140303.457,Bitget,DOGE/USDT,2022-11-09T11:18:24.545Z,0.000385
0.083609,3000.0048,0.083216,449095.2693,Bitget,DOGE/USDT,2022-11-09T11:18:24.545Z,0.000393
0.083296,1568,0.083254,1504,BitMart,DOGE/USDT,2022-11-09T11:18:36.419Z,4.20E-05
0.083297,1213,0.083253,1280,BitMart,DOGE/USDT,2022-11-09T11:18:36.419Z,4.40E-05
0.083299,696,0.083251,1530,BitMart,DOGE/USDT,2022-11-09T11:18:36.419Z,4.80E-05
0.083302,1129,0.083249,1071,BitMart,DOGE/USDT,2022-11-09T11:18:36.419Z,5.30E-05
0.083304,1617,0.083248,1427,BitMart,DOGE/USDT,2022-11-09T11:18:36.419Z,5.60E-05
0.083306,1290,0.083246,1514,BitMart,DOGE/USDT,2022-11-09T11:18:36.419Z,6.00E-05
0.083307,996,0.083244,1673,BitMart,DOGE/USDT,2022-11-09T11:18:36.419Z,6.30E-05
0.083309,1254,0.083241,1190,BitMart,DOGE/USDT,2022-11-09T11:18:36.419Z,6.80E-05
0.083311,494,0.083239,663,BitMart,DOGE/USDT,2022-11-09T11:18:36.419Z,7.20E-05
0.083312,776,0.083238,1022,BitMart,DOGE/USDT,2022-11-09T11:18:36.419Z,7.40E-05
0.083314,903,0.083236,935,BitMart,DOGE/USDT,2022-11-09T11:18:36.419Z,7.80E-05
0.083316,1359,0.083234,1705,BitMart,DOGE/USDT,2022-11-09T11:18:36.419Z,8.20E-05
0.083317,1492,0.083233,1470,BitMart,DOGE/USDT,2022-11-09T11:18:36.419Z,8.40E-05
0.083319,1326,0.083231,1361,BitMart,DOGE/USDT,2022-11-09T11:18:36.419Z,8.80E-05
0.083321,1237,0.083229,747,BitMart,DOGE/USDT,2022-11-09T11:18:36.419Z,9.20E-05
0.083322,1389,0.083228,745,BitMart,DOGE/USDT,2022-11-09T11:18:36.419Z,9.40E-05
0.083324,1465,0.083226,1589,BitMart,DOGE/USDT,2022-11-09T11:18:36.419Z,9.80E-05
0.083326,484,0.083224,1667,BitMart,DOGE/USDT,2022-11-09T11:18:36.419Z,0.000102
0.083327,1634,0.083223,1238,BitMart,DOGE/USDT,2022-11-09T11:18:36.419Z,0.000104
0.083329,1137,0.083221,789,BitMart,DOGE/USDT,2022-11-09T11:18:36.419Z,0.000108
0.083393,42.84,0.083371,1316.48,Gate.io,DOGE/USDT,2022-11-09T11:18:46.116Z,2.20E-05
0.0834,863.6,0.08337,1316.48,Gate.io,DOGE/USDT,2022-11-09T11:18:46.116Z,3.00E-05
0.083401,0.21,0.083369,84.75,Gate.io,DOGE/USDT,2022-11-09T11:18:46.116Z,3.20E-05
0.083403,1727.2,0.083363,1316.48,Gate.io,DOGE/USDT,2022-11-09T11:18:46.116Z,4.00E-05
0.083468,1725.6,0.083362,5500,Gate.io,DOGE/USDT,2022-11-09T11:18:46.116Z,0.000106
0.083484,100,0.08336,1316.48,Gate.io,DOGE/USDT,2022-11-09T11:18:46.116Z,0.000124
0.083486,6004.86,0.083359,1316.48,Gate.io,DOGE/USDT,2022-11-09T11:18:46.116Z,0.000127
0.083491,1098.93,0.083358,5500,Gate.io,DOGE/USDT,2022-11-09T11:18:46.116Z,0.000133
0.0835,239.676906,0.083355,1316.48,Gate.io,DOGE/USDT,2022-11-09T11:18:46.116Z,0.000145
0.083534,42.54,0.083354,2320.49,Gate.io,DOGE/USDT,2022-11-09T11:18:46.116Z,0.00018
0.083535,5931.2,0.083353,1316.48,Gate.io,DOGE/USDT,2022-11-09T11:18:46.116Z,0.000182
0.083542,1906.52,0.083333,1316.48,Gate.io,DOGE/USDT,2022-11-09T11:18:46.116Z,0.000209
0.083557,2000,0.083324,1316.48,Gate.io,DOGE/USDT,2022-11-09T11:18:46.116Z,0.000233
0.083566,2000,0.083323,1316.48,Gate.io,DOGE/USDT,2022-11-09T11:18:46.116Z,0.000243
0.083568,14291.5,0.083322,1316.48,Gate.io,DOGE/USDT,2022-11-09T11:18:46.116Z,0.000246
0.083595,21434,0.083307,1316.48,Gate.io,DOGE/USDT,2022-11-09T11:18:46.116Z,0.000288
0.083608,403746.1,0.083306,1316.48,Gate.io,DOGE/USDT,2022-11-09T11:18:46.116Z,0.000302
0.083616,29393.79,0.083303,1316.48,Gate.io,DOGE/USDT,2022-11-09T11:18:46.116Z,0.000313
0.083635,204785.94,0.0833,1316.48,Gate.io,DOGE/USDT,2022-11-09T11:18:46.116Z,0.000335
0.083655,5985.67,0.083299,1316.48,Gate.io,DOGE/USDT,2022-11-09T11:18:46.116Z,0.000356
0.083515,3000,0.083362,1894.9319,Bitget,DOGE/USDT,2022-11-09T11:18:57.664Z,0.000153
0.083516,9291.7675,0.083313,3000.002,Bitget,DOGE/USDT,2022-11-09T11:18:57.664Z,0.000203
0.083537,3000.0004,0.083311,3000.0034,Bitget,DOGE/USDT,2022-11-09T11:18:57.664Z,0.000226
0.083539,3000.0027,0.083309,3000.0035,Bitget,DOGE/USDT,2022-11-09T11:18:57.664Z,0.00023
0.083541,3000.003,0.083307,3874.1362,Bitget,DOGE/USDT,2022-11-09T11:18:57.664Z,0.000234
0.083543,3000.0025,0.083305,10195.0952,Bitget,DOGE/USDT,2022-11-09T11:18:57.664Z,0.000238
0.083545,3000.0025,0.083303,26829.198,Bitget,DOGE/USDT,2022-11-09T11:18:57.664Z,0.000242
0.083547,3000.0044,0.083296,3000.0018,Bitget,DOGE/USDT,2022-11-09T11:18:57.664Z,0.000251
0.083549,3000.0026,0.083295,6435,Bitget,DOGE/USDT,2022-11-09T11:18:57.664Z,0.000254
0.083556,12.8052,0.083293,6751.2576,Bitget,DOGE/USDT,2022-11-09T11:18:57.664Z,0.000263
0.083557,7768.2429,0.083291,3000.0047,Bitget,DOGE/USDT,2022-11-09T11:18:57.664Z,0.000266
0.083562,76914.09,0.083283,6032.7924,Bitget,DOGE/USDT,2022-11-09T11:18:57.664Z,0.000279
0.083567,3000.0009,0.083278,3000.0005,Bitget,DOGE/USDT,2022-11-09T11:18:57.664Z,0.000289
0.083572,3000.002,0.083275,9012.96,Bitget,DOGE/USDT,2022-11-09T11:18:57.664Z,0.000297
0.083575,3000.0031,0.083273,37136.5354,Bitget,DOGE/USDT,2022-11-09T11:18:57.664Z,0.000302
0.083577,6142.721,0.083263,23557.4187,Bitget,DOGE/USDT,2022-11-09T11:18:57.664Z,0.000314
0.083582,3000.0034,0.083253,13002.7508,Bitget,DOGE/USDT,2022-11-09T11:18:57.664Z,0.000329
0.083587,16534.4577,0.083246,518676.2289,Bitget,DOGE/USDT,2022-11-09T11:18:57.664Z,0.000341
0.083597,14081.2917,0.083243,57275.9846,Bitget,DOGE/USDT,2022-11-09T11:18:57.664Z,0.000354
0.083601,3000.0019,0.083242,3000.0011,Bitget,DOGE/USDT,2022-11-09T11:18:57.664Z,0.000359
0.083569,616,0.083532,1047,BitMart,DOGE/USDT,2022-11-09T11:19:11.374Z,3.70E-05
0.083574,1238,0.083511,436,BitMart,DOGE/USDT,2022-11-09T11:19:11.374Z,6.30E-05
0.083576,820,0.083499,1050,BitMart,DOGE/USDT,2022-11-09T11:19:11.374Z,7.70E-05
0.083578,595,0.0834,67785,BitMart,DOGE/USDT,2022-11-09T11:19:11.374Z,0.000178
0.083584,735,0.083396,455,BitMart,DOGE/USDT,2022-11-09T11:19:11.374Z,0.000188
0.083588,1277,0.083352,122935,BitMart,DOGE/USDT,2022-11-09T11:19:11.374Z,0.000236
0.083594,1697,0.083292,57655,BitMart,DOGE/USDT,2022-11-09T11:19:11.374Z,0.000302
0.083596,1460,0.083251,108225,BitMart,DOGE/USDT,2022-11-09T11:19:11.374Z,0.000345
0.083598,1473,0.083232,75542,BitMart,DOGE/USDT,2022-11-09T11:19:11.374Z,0.000366
0.083616,1135,0.083158,57652,BitMart,DOGE/USDT,2022-11-09T11:19:11.374Z,0.000458
0.083648,917,0.083103,154780,BitMart,DOGE/USDT,2022-11-09T11:19:11.374Z,0.000545
0.083693,113056,0.083061,132390,BitMart,DOGE/USDT,2022-11-09T11:19:11.374Z,0.000632
0.083738,43156,0.083029,162410,BitMart,DOGE/USDT,2022-11-09T11:19:11.374Z,0.000709
0.083799,132795,0.082973,94971,BitMart,DOGE/USDT,2022-11-09T11:19:11.374Z,0.000826
0.083867,159150,0.082916,96635,BitMart,DOGE/USDT,2022-11-09T11:19:11.374Z,0.000951
0.08393,145644,0.082875,82836,BitMart,DOGE/USDT,2022-11-09T11:19:11.374Z,0.001055
0.083966,55270,0.082834,2413,BitMart,DOGE/USDT,2022-11-09T11:19:11.374Z,0.001132
0.084008,147304,0.082833,92037,BitMart,DOGE/USDT,2022-11-09T11:19:11.374Z,0.001175
0.08402,84069,0.082792,122891,BitMart,DOGE/USDT,2022-11-09T11:19:11.374Z,0.001228
0.084062,46596,0.082725,53712,BitMart,DOGE/USDT,2022-11-09T11:19:11.374Z,0.001337
0.083776,5542.55,0.083752,84.48,Gate.io,DOGE/USDT,2022-11-09T11:19:21.323Z,2.40E-05
0.083779,12.27,0.083729,1316.48,Gate.io,DOGE/USDT,2022-11-09T11:19:21.323Z,5.00E-05
0.083792,803.33,0.08372,1510.06,Gate.io,DOGE/USDT,2022-11-09T11:19:21.323Z,7.20E-05
0.083793,6016.61,0.083709,5296.2,Gate.io,DOGE/USDT,2022-11-09T11:19:21.323Z,8.40E-05
0.0838,19460.27,0.083684,803.33,Gate.io,DOGE/USDT,2022-11-09T11:19:21.323Z,0.000116
0.083811,212.24,0.083683,1316.48,Gate.io,DOGE/USDT,2022-11-09T11:19:21.323Z,0.000128
0.083823,95.56,0.083682,1316.48,Gate.io,DOGE/USDT,2022-11-09T11:19:21.323Z,0.000141
0.083838,502.26,0.08366,1316.48,Gate.io,DOGE/USDT,2022-11-09T11:19:21.323Z,0.000178
0.08384,48.22,0.083652,30542.56,Gate.io,DOGE/USDT,2022-11-09T11:19:21.323Z,0.000188
0.08385,298.2,0.08365,6117.6,Gate.io,DOGE/USDT,2022-11-09T11:19:21.323Z,0.0002
0.083858,369.59,0.083637,7921.9,Gate.io,DOGE/USDT,2022-11-09T11:19:21.323Z,0.000221
0.083861,1093.56,0.083618,4790.72,Gate.io,DOGE/USDT,2022-11-09T11:19:21.323Z,0.000243
0.083883,57.94,0.083589,1244.79,Gate.io,DOGE/USDT,2022-11-09T11:19:21.323Z,0.000294
0.08389,122.8,0.083585,5901.59,Gate.io,DOGE/USDT,2022-11-09T11:19:21.323Z,0.000305
0.083907,598.65,0.083584,2000,Gate.io,DOGE/USDT,2022-11-09T11:19:21.323Z,0.000323
0.083908,1905.43,0.083569,2945.2,Gate.io,DOGE/USDT,2022-11-09T11:19:21.323Z,0.000339
0.083956,2000,0.083567,1740.41,Gate.io,DOGE/USDT,2022-11-09T11:19:21.323Z,0.000389
0.083968,17.45,0.083566,4799.74,Gate.io,DOGE/USDT,2022-11-09T11:19:21.323Z,0.000402
0.083992,23872.33,0.08356,1412.02,Gate.io,DOGE/USDT,2022-11-09T11:19:21.323Z,0.000432
0.083999,243.71,0.083554,2000,Gate.io,DOGE/USDT,2022-11-09T11:19:21.323Z,0.000445
0.083942,43036.4649,0.083892,24964.2167,Bitget,DOGE/USDT,2022-11-09T11:19:32.526Z,5.00E-05
0.083947,6618.6006,0.083663,3000.0006,Bitget,DOGE/USDT,2022-11-09T11:19:32.526Z,0.000284
0.083951,3082.5135,0.083661,3000.0042,Bitget,DOGE/USDT,2022-11-09T11:19:32.526Z,0.00029
0.083952,3000.0013,0.083659,3000.0009,Bitget,DOGE/USDT,2022-11-09T11:19:32.526Z,0.000293
0.083957,4686.7622,0.083657,3000.0043,Bitget,DOGE/USDT,2022-11-09T11:19:32.526Z,0.0003
0.083959,481792.7901,0.083655,3000.0023,Bitget,DOGE/USDT,2022-11-09T11:19:32.526Z,0.000304
0.083963,3000.0002,0.083653,3000.0048,Bitget,DOGE/USDT,2022-11-09T11:19:32.526Z,0.00031
0.083964,4754.574,0.083643,3000.0024,Bitget,DOGE/USDT,2022-11-09T11:19:32.526Z,0.000321
0.083967,6598.657,0.083633,8391.6511,Bitget,DOGE/USDT,2022-11-09T11:19:32.526Z,0.000334
0.083973,4455,0.083625,9012.96,Bitget,DOGE/USDT,2022-11-09T11:19:32.526Z,0.000348
0.083977,9113.6781,0.083623,65813.4044,Bitget,DOGE/USDT,2022-11-09T11:19:32.526Z,0.000354
0.083987,9049.254,0.083613,53570.4526,Bitget,DOGE/USDT,2022-11-09T11:19:32.526Z,0.000374
0.083992,99967.23,0.083611,3000.0006,Bitget,DOGE/USDT,2022-11-09T11:19:32.526Z,0.000381
0.083996,3000.0027,0.083609,3000.0029,Bitget,DOGE/USDT,2022-11-09T11:19:32.526Z,0.000387
0.083997,7464.0934,0.083603,40122.2878,Bitget,DOGE/USDT,2022-11-09T11:19:32.526Z,0.000394
0.084,6.709,0.083601,473111.8389,Bitget,DOGE/USDT,2022-11-09T11:19:32.526Z,0.000399
0.084003,3000.0015,0.083593,50680.2179,Bitget,DOGE/USDT,2022-11-09T11:19:32.526Z,0.00041
0.084007,48405.2287,0.083591,4754.574,Bitget,DOGE/USDT,2022-11-09T11:19:32.526Z,0.000416
0.084017,44669.9437,0.083583,69749.976,Bitget,DOGE/USDT,2022-11-09T11:19:32.526Z,0.000434
0.084027,74574.2472,0.083581,14680.017,Bitget,DOGE/USDT,2022-11-09T11:19:32.526Z,0.000446
0.084046,504,0.083914,876,BitMart,DOGE/USDT,2022-11-09T11:19:43.370Z,0.000132
0.084051,1012,0.083912,1427,BitMart,DOGE/USDT,2022-11-09T11:19:43.370Z,0.000139
0.08406,1561,0.083906,1510,BitMart,DOGE/USDT,2022-11-09T11:19:43.370Z,0.000154
0.084061,455,0.083901,1045,BitMart,DOGE/USDT,2022-11-09T11:19:43.370Z,0.00016
0.084063,1465,0.083895,1615,BitMart,DOGE/USDT,2022-11-09T11:19:43.370Z,0.000168
0.084065,996,0.083877,154413,BitMart,DOGE/USDT,2022-11-09T11:19:43.370Z,0.000188
0.084066,614,0.08387,168581,BitMart,DOGE/USDT,2022-11-09T11:19:43.370Z,0.000196
0.084068,866,0.083828,74062,BitMart,DOGE/USDT,2022-11-09T11:19:43.370Z,0.00024
0.084071,567,0.083798,93845,BitMart,DOGE/USDT,2022-11-09T11:19:43.370Z,0.000273
0.084076,1234,0.083756,71791,BitMart,DOGE/USDT,2022-11-09T11:19:43.370Z,0.00032
0.084174,125424,0.083705,151148,BitMart,DOGE/USDT,2022-11-09T11:19:43.370Z,0.000469
0.08424,121759,0.08364,38529,BitMart,DOGE/USDT,2022-11-09T11:19:43.370Z,0.0006
0.084257,95776,0.08361,111478,BitMart,DOGE/USDT,2022-11-09T11:19:43.370Z,0.000647
0.084299,153741,0.083557,65604,BitMart,DOGE/USDT,2022-11-09T11:19:43.370Z,0.000742
0.0843,21232,0.083482,121094,BitMart,DOGE/USDT,2022-11-09T11:19:43.370Z,0.000818
0.084316,158357,0.083473,167829,BitMart,DOGE/USDT,2022-11-09T11:19:43.370Z,0.000843
0.084372,85165,0.083432,142930,BitMart,DOGE/USDT,2022-11-09T11:19:43.370Z,0.00094
0.084373,53927,0.0834,67785,BitMart,DOGE/USDT,2022-11-09T11:19:43.370Z,0.000973
0.084415,64502,0.083352,122935,BitMart,DOGE/USDT,2022-11-09T11:19:43.370Z,0.001063
0.084448,134732,0.083292,57655,BitMart,DOGE/USDT,2022-11-09T11:19:43.370Z,0.001156
0.083984,84.32,0.08396,42.39,Gate.io,DOGE/USDT,2022-11-09T11:19:53.774Z,2.40E-05
0.083997,5500,0.083924,803.33,Gate.io,DOGE/USDT,2022-11-09T11:19:53.774Z,7.30E-05
0.084005,1316.48,0.083922,5500,Gate.io,DOGE/USDT,2022-11-09T11:19:53.774Z,8.30E-05
0.084006,1316.48,0.083896,615.98,Gate.io,DOGE/USDT,2022-11-09T11:19:53.774Z,0.00011
0.084007,1316.48,0.083883,4178.65,Gate.io,DOGE/USDT,2022-11-09T11:19:53.774Z,0.000124
0.084008,1316.48,0.083875,2503.2,Gate.io,DOGE/USDT,2022-11-09T11:19:53.774Z,0.000133
0.084017,1316.48,0.083869,204785.94,Gate.io,DOGE/USDT,2022-11-09T11:19:53.774Z,0.000148
0.084018,1316.48,0.083853,2000,Gate.io,DOGE/USDT,2022-11-09T11:19:53.774Z,0.000165
0.084019,1316.48,0.083845,403746.1,Gate.io,DOGE/USDT,2022-11-09T11:19:53.774Z,0.000174
0.084049,6095.71,0.08383,5960.74,Gate.io,DOGE/USDT,2022-11-09T11:19:53.774Z,0.000219
0.084055,11,0.083826,1905.43,Gate.io,DOGE/USDT,2022-11-09T11:19:53.774Z,0.000229
0.084086,652.7,0.083823,2000,Gate.io,DOGE/USDT,2022-11-09T11:19:53.774Z,0.000263
0.084101,5962.24,0.083821,5939.32,Gate.io,DOGE/USDT,2022-11-09T11:19:53.774Z,0.00028
0.084107,80.2,0.083818,30542.56,Gate.io,DOGE/USDT,2022-11-09T11:19:53.774Z,0.000289
0.084117,20.48,0.083812,23825.41,Gate.io,DOGE/USDT,2022-11-09T11:19:53.774Z,0.000305
0.084141,5963.63,0.083806,8364.97,Gate.io,DOGE/USDT,2022-11-09T11:19:53.774Z,0.000335
0.084148,5639.72,0.083791,3628.06,Gate.io,DOGE/USDT,2022-11-09T11:19:53.774Z,0.000357
0.084154,670.8,0.08379,1043.55,Gate.io,DOGE/USDT,2022-11-09T11:19:53.774Z,0.000364
0.084157,2000,0.083788,4786.8,Gate.io,DOGE/USDT,2022-11-09T11:19:53.774Z,0.000369
0.084159,14.4,0.083787,1241.35,Gate.io,DOGE/USDT,2022-11-09T11:19:53.774Z,0.000372
0.084139,107701.3571,0.084103,21793.4085,Bitget,DOGE/USDT,2022-11-09T11:20:04.546Z,3.60E-05
0.084142,27165.3275,0.084043,3000.0026,Bitget,DOGE/USDT,2022-11-09T11:20:04.546Z,9.90E-05
0.084143,22926.0654,0.084041,3000.002,Bitget,DOGE/USDT,2022-11-09T11:20:04.546Z,0.000102
0.084239,16.0968,0.084039,3000.0027,Bitget,DOGE/USDT,2022-11-09T11:20:04.546Z,0.0002
0.084267,3000.0017,0.084037,3000.0034,Bitget,DOGE/USDT,2022-11-09T11:20:04.546Z,0.00023
0.084269,3000.0004,0.084035,4230.1132,Bitget,DOGE/USDT,2022-11-09T11:20:04.546Z,0.000234
0.084271,3000.0013,0.084033,11131.8768,Bitget,DOGE/USDT,2022-11-09T11:20:04.546Z,0.000238
0.084273,3000.0031,0.084023,3597.66,Bitget,DOGE/USDT,2022-11-09T11:20:04.546Z,0.00025
0.084275,3000.0027,0.084021,3000.0043,Bitget,DOGE/USDT,2022-11-09T11:20:04.546Z,0.000254
0.084277,3420.3687,0.084014,3103.0758,Bitget,DOGE/USDT,2022-11-09T11:20:04.546Z,0.000263
0.084282,3000.0024,0.084013,3000.0015,Bitget,DOGE/USDT,2022-11-09T11:20:04.546Z,0.000269
0.084287,9743.704,0.084011,3000.0024,Bitget,DOGE/USDT,2022-11-09T11:20:04.546Z,0.000276
0.084292,3000.0006,0.084005,3000.0042,Bitget,DOGE/USDT,2022-11-09T11:20:04.546Z,0.000287
0.084297,4881.9115,0.084003,34761.87,Bitget,DOGE/USDT,2022-11-09T11:20:04.546Z,0.000294
0.084307,6602.4096,0.084002,3000.005,Bitget,DOGE/USDT,2022-11-09T11:20:04.546Z,0.000305
0.084311,3000,0.083999,13260.654,Bitget,DOGE/USDT,2022-11-09T11:20:04.546Z,0.000312
0.084317,7163.0569,0.083993,47416.0161,Bitget,DOGE/USDT,2022-11-09T11:20:04.546Z,0.000324
0.084321,3000.0018,0.083983,43625.2374,Bitget,DOGE/USDT,2022-11-09T11:20:04.546Z,0.000338
0.084322,3219.975,0.083978,3000,Bitget,DOGE/USDT,2022-11-09T11:20:04.546Z,0.000344
0.084326,3000.0004,0.083977,1880.8198,Bitget,DOGE/USDT,2022-11-09T11:20:04.546Z,0.000349
0.084416,1127,0.084374,922,BitMart,DOGE/USDT,2022-11-09T11:20:15.862Z,4.20E-05
0.084418,1010,0.084372,1551,BitMart,DOGE/USDT,2022-11-09T11:20:15.862Z,4.60E-05
0.084426,647,0.084364,1234,BitMart,DOGE/USDT,2022-11-09T11:20:15.862Z,6.20E-05
0.084428,1462,0.084362,1290,BitMart,DOGE/USDT,2022-11-09T11:20:15.862Z,6.60E-05
0.084433,1458,0.08436,644,BitMart,DOGE/USDT,2022-11-09T11:20:15.862Z,7.30E-05
0.084443,1073,0.084354,1288,BitMart,DOGE/USDT,2022-11-09T11:20:15.862Z,8.90E-05
0.084445,1062,0.084352,1548,BitMart,DOGE/USDT,2022-11-09T11:20:15.862Z,9.30E-05
0.084453,1021,0.084347,612,BitMart,DOGE/USDT,2022-11-09T11:20:15.862Z,0.000106
0.084455,914,0.084345,1128,BitMart,DOGE/USDT,2022-11-09T11:20:15.862Z,0.00011
0.084457,1619,0.084337,1180,BitMart,DOGE/USDT,2022-11-09T11:20:15.862Z,0.00012
0.084498,109827,0.084291,143761,BitMart,DOGE/USDT,2022-11-09T11:20:15.862Z,0.000207
0.084549,91400,0.084249,70192,BitMart,DOGE/USDT,2022-11-09T11:20:15.862Z,0.0003
0.084614,82138,0.084227,1131,BitMart,DOGE/USDT,2022-11-09T11:20:15.862Z,0.000387
0.084688,125305,0.084181,38219,BitMart,DOGE/USDT,2022-11-09T11:20:15.862Z,0.000507
0.08473,52254,0.084136,113838,BitMart,DOGE/USDT,2022-11-09T11:20:15.862Z,0.000594
0.084772,79234,0.084094,82941,BitMart,DOGE/USDT,2022-11-09T11:20:15.862Z,0.000678
0.084843,117551,0.084045,547,BitMart,DOGE/USDT,2022-11-09T11:20:15.862Z,0.000798
0.084861,131141,0.084044,447,BitMart,DOGE/USDT,2022-11-09T11:20:15.862Z,0.000817
0.084903,95091,0.084042,150875,BitMart,DOGE/USDT,2022-11-09T11:20:15.862Z,0.000861
0.084925,38507,0.084039,1639,BitMart,DOGE/USDT,2022-11-09T11:20:15.862Z,0.000886
0.084248,1928.94,0.084226,84.17,Gate.io,DOGE/USDT,2022-11-09T11:20:25.351Z,2.20E-05
0.084249,2803.6,0.084186,1104.11,Gate.io,DOGE/USDT,2022-11-09T11:20:25.351Z,6.30E-05
0.08425,42.19,0.08418,1316.48,Gate.io,DOGE/USDT,2022-11-09T11:20:25.351Z,7.00E-05
0.084257,803.33,0.084179,6816.48,Gate.io,DOGE/USDT,2022-11-09T11:20:25.351Z,7.80E-05
0.084266,1316.48,0.084152,952.74,Gate.io,DOGE/USDT,2022-11-09T11:20:25.351Z,0.000114
0.084275,1316.48,0.084124,1905.43,Gate.io,DOGE/USDT,2022-11-09T11:20:25.351Z,0.000151
0.084286,1316.48,0.084115,6036.83,Gate.io,DOGE/USDT,2022-11-09T11:20:25.351Z,0.000171
0.084297,1316.48,0.08411,30542.56,Gate.io,DOGE/USDT,2022-11-09T11:20:25.351Z,0.000187
0.084314,1316.48,0.084104,5500,Gate.io,DOGE/USDT,2022-11-09T11:20:25.351Z,0.00021
0.084315,5844.85,0.084086,649.28,Gate.io,DOGE/USDT,2022-11-09T11:20:25.351Z,0.000229
0.084316,1316.48,0.084058,1237.77,Gate.io,DOGE/USDT,2022-11-09T11:20:25.351Z,0.000258
0.084318,1316.48,0.084053,4170.1,Gate.io,DOGE/USDT,2022-11-09T11:20:25.351Z,0.000265
0.08432,1316.48,0.084052,6081.4,Gate.io,DOGE/USDT,2022-11-09T11:20:25.351Z,0.000268
0.084321,1316.48,0.084043,348.24,Gate.io,DOGE/USDT,2022-11-09T11:20:25.351Z,0.000278
0.084336,1316.48,0.084027,4775.46,Gate.io,DOGE/USDT,2022-11-09T11:20:25.351Z,0.000309
0.084358,6063.81,0.084026,1731.11,Gate.io,DOGE/USDT,2022-11-09T11:20:25.351Z,0.000332
0.084413,5974.33,0.084025,2928.6,Gate.io,DOGE/USDT,2022-11-09T11:20:25.351Z,0.000388
0.084439,12.15,0.084018,1403.7,Gate.io,DOGE/USDT,2022-11-09T11:20:25.351Z,0.000421
0.084444,96.17,0.08401,1534.3,Gate.io,DOGE/USDT,2022-11-09T11:20:25.351Z,0.000434
0.084449,12.18,0.084,22663.96,Gate.io,DOGE/USDT,2022-11-09T11:20:25.351Z,0.000449
0.084327,41348.9864,0.084142,3000.0025,Bitget,DOGE/USDT,2022-11-09T11:20:37.587Z,0.000185
0.084362,3000.0046,0.08414,3000.0005,Bitget,DOGE/USDT,2022-11-09T11:20:37.587Z,0.000222
0.084364,3000.0038,0.084138,3000.004,Bitget,DOGE/USDT,2022-11-09T11:20:37.587Z,0.000226
0.084366,3000.0033,0.084136,3000.0018,Bitget,DOGE/USDT,2022-11-09T11:20:37.587Z,0.00023
0.084368,3000.0037,0.084134,3000.0027,Bitget,DOGE/USDT,2022-11-09T11:20:37.587Z,0.000234
0.08437,3000.001,0.084132,3000.0039,Bitget,DOGE/USDT,2022-11-09T11:20:37.587Z,0.000238
0.084372,3000.0005,0.084122,17678.1435,Bitget,DOGE/USDT,2022-11-09T11:20:37.587Z,0.00025
0.084378,24543.09,0.084112,7723.7843,Bitget,DOGE/USDT,2022-11-09T11:20:37.587Z,0.000266
0.084382,3000.0017,0.084102,11254.5203,Bitget,DOGE/USDT,2022-11-09T11:20:37.587Z,0.00028
0.084388,3000.0011,0.084092,5891.2202,Bitget,DOGE/USDT,2022-11-09T11:20:37.587Z,0.000296
0.084398,12570.03,0.084082,13771.3244,Bitget,DOGE/USDT,2022-11-09T11:20:37.587Z,0.000316
0.084403,3000.0032,0.084073,3000.003,Bitget,DOGE/USDT,2022-11-09T11:20:37.587Z,0.00033
0.084404,3000.0009,0.084072,29943.2378,Bitget,DOGE/USDT,2022-11-09T11:20:37.587Z,0.000332
0.084405,3960,0.084071,525873.2826,Bitget,DOGE/USDT,2022-11-09T11:20:37.587Z,0.000334
0.084408,3000.0032,0.08407,3372.3855,Bitget,DOGE/USDT,2022-11-09T11:20:37.587Z,0.000338
0.084418,4429.7779,0.084067,3960,Bitget,DOGE/USDT,2022-11-09T11:20:37.587Z,0.000351
0.08442,3000.0019,0.084062,28611.7613,Bitget,DOGE/USDT,2022-11-09T11:20:37.587Z,0.000358
0.084423,76440.87,0.084058,4455,Bitget,DOGE/USDT,2022-11-09T11:20:37.587Z,0.000365
0.084428,3000.0043,0.084052,26653.3292,Bitget,DOGE/USDT,2022-11-09T11:20:37.587Z,0.000376
0.084432,3779.0676,0.084046,4754.574,Bitget,DOGE/USDT,2022-11-09T11:20:37.587Z,0.000386
0.084456,735,0.084399,507,BitMart,DOGE/USDT,2022-11-09T11:20:50.391Z,5.70E-05
0.084466,1559,0.084383,498,BitMart,DOGE/USDT,2022-11-09T11:20:50.391Z,8.30E-05
0.084468,927,0.084377,738,BitMart,DOGE/USDT,2022-11-09T11:20:50.391Z,9.10E-05
0.08447,641,0.084372,1496,BitMart,DOGE/USDT,2022-11-09T11:20:50.391Z,9.80E-05
0.084476,497,0.084362,597,BitMart,DOGE/USDT,2022-11-09T11:20:50.391Z,0.000114
0.084524,139593,0.084354,1263,BitMart,DOGE/USDT,2022-11-09T11:20:50.391Z,0.00017
0.084566,67812,0.08435,1015,BitMart,DOGE/USDT,2022-11-09T11:20:50.391Z,0.000216
0.084614,82138,0.084345,1392,BitMart,DOGE/USDT,2022-11-09T11:20:50.391Z,0.000269
0.084688,125305,0.084335,1492,BitMart,DOGE/USDT,2022-11-09T11:20:50.391Z,0.000353
0.08473,52254,0.084266,79574,BitMart,DOGE/USDT,2022-11-09T11:20:50.391Z,0.000464
0.084772,79234,0.084224,104503,BitMart,DOGE/USDT,2022-11-09T11:20:50.391Z,0.000548
0.0848,21232,0.084151,169580,BitMart,DOGE/USDT,2022-11-09T11:20:50.391Z,0.000649
0.084843,117551,0.084094,82941,BitMart,DOGE/USDT,2022-11-09T11:20:50.391Z,0.000749
0.084861,131141,0.084042,150875,BitMart,DOGE/USDT,2022-11-09T11:20:50.391Z,0.000819
0.084903,95091,0.083992,107886,BitMart,DOGE/USDT,2022-11-09T11:20:50.391Z,0.000911
0.084925,38507,0.08394,105354,BitMart,DOGE/USDT,2022-11-09T11:20:50.391Z,0.000985
0.084967,101801,0.083877,154413,BitMart,DOGE/USDT,2022-11-09T11:20:50.391Z,0.00109
0.085009,90612,0.08387,168581,BitMart,DOGE/USDT,2022-11-09T11:20:50.391Z,0.001139
0.085054,156484,0.083828,74062,BitMart,DOGE/USDT,2022-11-09T11:20:50.391Z,0.001226
0.085105,154667,0.083798,93845,BitMart,DOGE/USDT,2022-11-09T11:20:50.391Z,0.001307
0.084442,84.04,0.084418,42.04,Gate.io,DOGE/USDT,2022-11-09T11:20:59.430Z,2.40E-05
0.084473,803.33,0.084402,5500,Gate.io,DOGE/USDT,2022-11-09T11:20:59.430Z,7.10E-05
0.084482,4819.18,0.084352,3499,Gate.io,DOGE/USDT,2022-11-09T11:20:59.430Z,0.00013
0.084532,19.06,0.084313,1905.43,Gate.io,DOGE/USDT,2022-11-09T11:20:59.430Z,0.000219
0.08454,696.92,0.084312,5883.91,Gate.io,DOGE/USDT,2022-11-09T11:20:59.430Z,0.000228
0.084548,84,0.084304,30542.56,Gate.io,DOGE/USDT,2022-11-09T11:20:59.430Z,0.000244
0.084559,591.57,0.084267,5917.47,Gate.io,DOGE/USDT,2022-11-09T11:20:59.430Z,0.000292
0.084561,16.92,0.084264,1234.62,Gate.io,DOGE/USDT,2022-11-09T11:20:59.430Z,0.000297
0.084582,344.77,0.084256,1913.23,Gate.io,DOGE/USDT,2022-11-09T11:20:59.430Z,0.000326
0.084592,2000,0.084255,2848.64,Gate.io,DOGE/USDT,2022-11-09T11:20:59.430Z,0.000337
0.08461,590.9,0.084254,2921.13,Gate.io,DOGE/USDT,2022-11-09T11:20:59.430Z,0.000356
0.084615,12.36,0.084252,3726.18,Gate.io,DOGE/USDT,2022-11-09T11:20:59.430Z,0.000363
0.084617,12.29,0.084245,1400.5,Gate.io,DOGE/USDT,2022-11-09T11:20:59.430Z,0.000372
0.084619,220.95,0.084239,1367,Gate.io,DOGE/USDT,2022-11-09T11:20:59.430Z,0.00038
0.084621,1082.98,0.084238,1529.93,Gate.io,DOGE/USDT,2022-11-09T11:20:59.430Z,0.000383
0.084633,200,0.084212,2000,Gate.io,DOGE/USDT,2022-11-09T11:20:59.430Z,0.000421
0.084643,72.3,0.084201,5943.43,Gate.io,DOGE/USDT,2022-11-09T11:20:59.430Z,0.000442
0.084652,488.7,0.084193,615.08,Gate.io,DOGE/USDT,2022-11-09T11:20:59.430Z,0.000459
0.084655,2000,0.084192,41805.16,Gate.io,DOGE/USDT,2022-11-09T11:20:59.430Z,0.000463
0.084656,51,0.084176,23699.49,Gate.io,DOGE/USDT,2022-11-09T11:20:59.430Z,0.00048
0.084668,3000.0021,0.084442,3000.0032,Bitget,DOGE/USDT,2022-11-09T11:21:11.627Z,0.000226
0.08467,3000.0036,0.08444,3000.0048,Bitget,DOGE/USDT,2022-11-09T11:21:11.627Z,0.00023
0.084672,3000.0031,0.084438,3000.0028,Bitget,DOGE/USDT,2022-11-09T11:21:11.627Z,0.000234
0.084674,3000.0045,0.084436,3000.0023,Bitget,DOGE/USDT,2022-11-09T11:21:11.627Z,0.000238
0.084676,3000.0047,0.084434,3000.0042,Bitget,DOGE/USDT,2022-11-09T11:21:11.627Z,0.000242
0.084678,3000.001,0.084432,5585.0276,Bitget,DOGE/USDT,2022-11-09T11:21:11.627Z,0.000246
0.084688,3000.0009,0.084422,8324.2632,Bitget,DOGE/USDT,2022-11-09T11:21:11.627Z,0.000266
0.084693,3000.0047,0.084412,23408.3025,Bitget,DOGE/USDT,2022-11-09T11:21:11.627Z,0.000281
0.084698,3000.0016,0.084402,24907.0297,Bitget,DOGE/USDT,2022-11-09T11:21:11.627Z,0.000296
0.084708,3000.0029,0.084392,13607.5015,Bitget,DOGE/USDT,2022-11-09T11:21:11.627Z,0.000316
0.084718,4789.26,0.084391,3160.5453,Bitget,DOGE/USDT,2022-11-09T11:21:11.627Z,0.000327
0.084723,3000.0004,0.084383,4455,Bitget,DOGE/USDT,2022-11-09T11:21:11.627Z,0.00034
0.084728,6512.4436,0.084382,36705.0244,Bitget,DOGE/USDT,2022-11-09T11:21:11.627Z,0.000346
0.084736,451582.393,0.084376,13237.7652,Bitget,DOGE/USDT,2022-11-09T11:21:11.627Z,0.00036
0.084738,9181.8836,0.084374,477387.1011,Bitget,DOGE/USDT,2022-11-09T11:21:11.627Z,0.000364
0.084739,4455,0.084372,105980.7689,Bitget,DOGE/USDT,2022-11-09T11:21:11.627Z,0.000367
0.084748,11475.06,0.084369,18733.572,Bitget,DOGE/USDT,2022-11-09T11:21:11.627Z,0.000379
0.084753,99000,0.084363,155258.4033,Bitget,DOGE/USDT,2022-11-09T11:21:11.627Z,0.00039
0.084755,9603,0.084362,52995.3473,Bitget,DOGE/USDT,2022-11-09T11:21:11.627Z,0.000393
0.084758,10828.6629,0.084352,38489.7288,Bitget,DOGE/USDT,2022-11-09T11:21:11.627Z,0.000406
0.084543,738,0.084524,864,BitMart,DOGE/USDT,2022-11-09T11:21:22.482Z,1.90E-05
0.084553,971,0.084522,904,BitMart,DOGE/USDT,2022-11-09T11:21:22.482Z,3.10E-05
0.084555,777,0.084514,398,BitMart,DOGE/USDT,2022-11-09T11:21:22.482Z,4.10E-05
0.084561,596,0.084509,920,BitMart,DOGE/USDT,2022-11-09T11:21:22.482Z,5.20E-05
0.084563,586,0.084505,1164,BitMart,DOGE/USDT,2022-11-09T11:21:22.482Z,5.80E-05
0.084565,936,0.084499,1503,BitMart,DOGE/USDT,2022-11-09T11:21:22.482Z,6.60E-05
0.084578,712,0.084497,1596,BitMart,DOGE/USDT,2022-11-09T11:21:22.482Z,8.10E-05
0.08458,1425,0.084493,421,BitMart,DOGE/USDT,2022-11-09T11:21:22.482Z,8.70E-05
0.084582,381,0.084446,118373,BitMart,DOGE/USDT,2022-11-09T11:21:22.482Z,0.000136
0.084659,93031,0.084404,62502,BitMart,DOGE/USDT,2022-11-09T11:21:22.482Z,0.000255
0.084678,791,0.084334,75360,BitMart,DOGE/USDT,2022-11-09T11:21:22.482Z,0.000344
0.084702,1032,0.084319,101458,BitMart,DOGE/USDT,2022-11-09T11:21:22.482Z,0.000383
0.084719,93712,0.084277,144268,BitMart,DOGE/USDT,2022-11-09T11:21:22.482Z,0.000442
0.084772,79234,0.084224,104503,BitMart,DOGE/USDT,2022-11-09T11:21:22.482Z,0.000548
0.084843,117551,0.084151,169580,BitMart,DOGE/USDT,2022-11-09T11:21:22.482Z,0.000692
0.084861,131141,0.084094,82941,BitMart,DOGE/USDT,2022-11-09T11:21:22.482Z,0.000767
0.084903,95091,0.084042,150875,BitMart,DOGE/USDT,2022-11-09T11:21:22.482Z,0.000861
0.084925,38507,0.083992,107886,BitMart,DOGE/USDT,2022-11-09T11:21:22.482Z,0.000933
0.084967,101801,0.08394,105354,BitMart,DOGE/USDT,2022-11-09T11:21:22.482Z,0.001027
0.085,21232,0.083877,154413,BitMart,DOGE/USDT,2022-11-09T11:21:22.482Z,0.001123
0.08481,1493.24,0.084699,803.33,Gate.io,DOGE/USDT,2022-11-09T11:21:33.012Z,0.000111
0.084843,5902.98,0.08469,1316.48,Gate.io,DOGE/USDT,2022-11-09T11:21:33.012Z,0.000153
0.084871,525.31,0.084688,5500,Gate.io,DOGE/USDT,2022-11-09T11:21:33.012Z,0.000183
0.084884,12.1,0.084687,5500,Gate.io,DOGE/USDT,2022-11-09T11:21:33.012Z,0.000197
0.084893,43.58,0.084685,1493.24,Gate.io,DOGE/USDT,2022-11-09T11:21:33.012Z,0.000208
0.084894,27.57,0.084667,5335.33,Gate.io,DOGE/USDT,2022-11-09T11:21:33.012Z,0.000227
0.084901,21.16,0.084618,421.58,Gate.io,DOGE/USDT,2022-11-09T11:21:33.012Z,0.000283
0.084917,2000,0.084603,5802.1,Gate.io,DOGE/USDT,2022-11-09T11:21:33.012Z,0.000314
0.084927,14.05,0.084598,1081.02,Gate.io,DOGE/USDT,2022-11-09T11:21:33.012Z,0.000329
0.08494,9223.66,0.084595,30542.56,Gate.io,DOGE/USDT,2022-11-09T11:21:33.012Z,0.000345
0.084942,23565,0.084576,4143.99,Gate.io,DOGE/USDT,2022-11-09T11:21:33.012Z,0.000366
0.084946,37.70665157,0.084567,3283.24,Gate.io,DOGE/USDT,2022-11-09T11:21:33.012Z,0.000379
0.08495,176.6,0.084565,1720.72,Gate.io,DOGE/USDT,2022-11-09T11:21:33.012Z,0.000385
0.084955,639.68,0.084562,2000,Gate.io,DOGE/USDT,2022-11-09T11:21:33.012Z,0.000393
0.084973,12.5,0.08456,1034.83,Gate.io,DOGE/USDT,2022-11-09T11:21:33.012Z,0.000413
0.085,6518.46,0.084559,1396.06,Gate.io,DOGE/USDT,2022-11-09T11:21:33.012Z,0.000441
0.08502,10000,0.08455,1525.08,Gate.io,DOGE/USDT,2022-11-09T11:21:33.012Z,0.00047
0.085024,23615.54,0.084542,2000,Gate.io,DOGE/USDT,2022-11-09T11:21:33.012Z,0.000482
0.085027,21.12,0.084539,6018.91,Gate.io,DOGE/USDT,2022-11-09T11:21:33.012Z,0.000488
0.085063,47.38,0.084537,22288,Gate.io,DOGE/USDT,2022-11-09T11:21:33.012Z,0.000526
0.084993,3000.0044,0.084772,3000.0008,Bitget,DOGE/USDT,2022-11-09T11:21:43.701Z,0.000221
0.084995,3000.0012,0.08477,3000.0003,Bitget,DOGE/USDT,2022-11-09T11:21:43.701Z,0.000225
0.084997,3000.0039,0.084768,3000.0025,Bitget,DOGE/USDT,2022-11-09T11:21:43.701Z,0.000229
0.084999,3000.0008,0.084766,3000.0021,Bitget,DOGE/USDT,2022-11-09T11:21:43.701Z,0.000233
0.085,79.604,0.084764,3000.0029,Bitget,DOGE/USDT,2022-11-09T11:21:43.701Z,0.000236
0.085001,3515.4536,0.084762,3000.0016,Bitget,DOGE/USDT,2022-11-09T11:21:43.701Z,0.000239
0.085003,9251.1936,0.084752,3000.0044,Bitget,DOGE/USDT,2022-11-09T11:21:43.701Z,0.000251
0.085007,12118.3524,0.084742,3000.0032,Bitget,DOGE/USDT,2022-11-09T11:21:43.701Z,0.000265
0.085008,3497.9797,0.084732,41863.7835,Bitget,DOGE/USDT,2022-11-09T11:21:43.701Z,0.000276
0.085013,163874.7,0.084722,19599.3905,Bitget,DOGE/USDT,2022-11-09T11:21:43.701Z,0.000291
0.085018,3452.3161,0.084721,3000.003,Bitget,DOGE/USDT,2022-11-09T11:21:43.701Z,0.000297
0.085028,5532.0172,0.084712,8704.7832,Bitget,DOGE/USDT,2022-11-09T11:21:43.701Z,0.000316
0.085038,10964.7004,0.084709,3000.0006,Bitget,DOGE/USDT,2022-11-09T11:21:43.701Z,0.000329
0.085048,7249.2395,0.084705,9012.96,Bitget,DOGE/USDT,2022-11-09T11:21:43.701Z,0.000343
0.085052,3000,0.084702,9857.0985,Bitget,DOGE/USDT,2022-11-09T11:21:43.701Z,0.00035
0.085058,8855.2016,0.084701,475512.4477,Bitget,DOGE/USDT,2022-11-09T11:21:43.701Z,0.000357
0.085064,492648.0314,0.0847,4455,Bitget,DOGE/USDT,2022-11-09T11:21:43.701Z,0.000364
0.085068,51789.9557,0.084696,17720.7921,Bitget,DOGE/USDT,2022-11-09T11:21:43.701Z,0.000372
0.085078,70342.9892,0.084692,25084.2264,Bitget,DOGE/USDT,2022-11-09T11:21:43.701Z,0.000386
0.085088,36485.1334,0.084688,6435,Bitget,DOGE/USDT,2022-11-09T11:21:43.701Z,0.0004
0.085086,1643,0.085034,646,BitMart,DOGE/USDT,2022-11-09T11:21:55.480Z,5.20E-05
0.08509,417,0.085032,762,BitMart,DOGE/USDT,2022-11-09T11:21:55.480Z,5.80E-05
0.085096,521,0.08503,1689,BitMart,DOGE/USDT,2022-11-09T11:21:55.480Z,6.60E-05
0.085103,1080,0.085024,911,BitMart,DOGE/USDT,2022-11-09T11:21:55.480Z,7.90E-05
0.085105,676,0.085022,943,BitMart,DOGE/USDT,2022-11-09T11:21:55.480Z,8.30E-05
0.085107,1089,0.08502,555,BitMart,DOGE/USDT,2022-11-09T11:21:55.480Z,8.70E-05
0.085113,1260,0.085018,1460,BitMart,DOGE/USDT,2022-11-09T11:21:55.480Z,9.50E-05
0.085115,917,0.085013,443,BitMart,DOGE/USDT,2022-11-09T11:21:55.480Z,0.000102
0.085117,1197,0.085007,497,BitMart,DOGE/USDT,2022-11-09T11:21:55.480Z,0.00011
0.085119,1120,0.085005,379,BitMart,DOGE/USDT,2022-11-09T11:21:55.480Z,0.000114
0.085125,1668,0.085003,1584,BitMart,DOGE/USDT,2022-11-09T11:21:55.480Z,0.000122
0.085208,57759,0.085001,1345,BitMart,DOGE/USDT,2022-11-09T11:21:55.480Z,0.000207
0.08526,113161,0.08496,136166,BitMart,DOGE/USDT,2022-11-09T11:21:55.480Z,0.0003
0.085333,157601,0.084922,1403,BitMart,DOGE/USDT,2022-11-09T11:21:55.480Z,0.000411
0.085361,164133,0.084916,1085,BitMart,DOGE/USDT,2022-11-09T11:21:55.480Z,0.000445
0.0854,21232,0.084915,51108,BitMart,DOGE/USDT,2022-11-09T11:21:55.480Z,0.000485
0.085429,154646,0.08491,454,BitMart,DOGE/USDT,2022-11-09T11:21:55.480Z,0.000519
0.085471,136394,0.084908,962,BitMart,DOGE/USDT,2022-11-09T11:21:55.480Z,0.000563
0.085484,143327,0.084873,124326,BitMart,DOGE/USDT,2022-11-09T11:21:55.480Z,0.000611
0.085527,108676,0.084808,125232,BitMart,DOGE/USDT,2022-11-09T11:21:55.480Z,0.000719
0.084986,43.37,0.084962,1316.48,Gate.io,DOGE/USDT,2022-11-09T11:22:05.321Z,2.40E-05
0.085016,803.33,0.084961,83.7,Gate.io,DOGE/USDT,2022-11-09T11:22:05.321Z,5.50E-05
0.085035,5500,0.084944,803.33,Gate.io,DOGE/USDT,2022-11-09T11:22:05.321Z,9.10E-05
0.085063,47.38,0.084942,5500,Gate.io,DOGE/USDT,2022-11-09T11:22:05.321Z,0.000121
0.085065,48.1,0.08494,1316.48,Gate.io,DOGE/USDT,2022-11-09T11:22:05.321Z,0.000125
0.085072,12.07,0.084939,1316.48,Gate.io,DOGE/USDT,2022-11-09T11:22:05.321Z,0.000133
0.085084,16.17,0.084937,1316.48,Gate.io,DOGE/USDT,2022-11-09T11:22:05.321Z,0.000147
0.085093,57.94,0.084936,5926,Gate.io,DOGE/USDT,2022-11-09T11:22:05.321Z,0.000157
0.0851,27.28,0.084893,5911.45,Gate.io,DOGE/USDT,2022-11-09T11:22:05.321Z,0.000207
0.08511,293.7,0.084887,1316.48,Gate.io,DOGE/USDT,2022-11-09T11:22:05.321Z,0.000223
0.085115,47.82,0.084863,30542.56,Gate.io,DOGE/USDT,2022-11-09T11:22:05.321Z,0.000252
0.085121,80.2,0.08486,1879.46,Gate.io,DOGE/USDT,2022-11-09T11:22:05.321Z,0.000261
0.085123,644.32,0.084845,1226.72,Gate.io,DOGE/USDT,2022-11-09T11:22:05.321Z,0.000278
0.085124,12.08,0.084834,768.38,Gate.io,DOGE/USDT,2022-11-09T11:22:05.321Z,0.00029
0.085128,12.61,0.084821,2000,Gate.io,DOGE/USDT,2022-11-09T11:22:05.321Z,0.000307
0.085135,347.63,0.084819,4731.36,Gate.io,DOGE/USDT,2022-11-09T11:22:05.321Z,0.000316
0.085168,34.08,0.084818,1715.64,Gate.io,DOGE/USDT,2022-11-09T11:22:05.321Z,0.00035
0.085169,5881.73,0.084817,31252,Gate.io,DOGE/USDT,2022-11-09T11:22:05.321Z,0.000352
0.085202,1076.14,0.084815,2903.28,Gate.io,DOGE/USDT,2022-11-09T11:22:05.321Z,0.000387
0.085214,5987.27,0.084812,23545.2,Gate.io,DOGE/USDT,2022-11-09T11:22:05.321Z,0.000402
0.085049,3000,0.084993,1858.3366,Bitget,DOGE/USDT,2022-11-09T11:22:17.190Z,5.60E-05
0.08505,107780.528,0.084986,21475.2361,Bitget,DOGE/USDT,2022-11-09T11:22:17.190Z,6.40E-05
0.085052,27165.3275,0.084962,3000.0004,Bitget,DOGE/USDT,2022-11-09T11:22:17.190Z,9.00E-05
0.085183,3000.001,0.08496,3000.003,Bitget,DOGE/USDT,2022-11-09T11:22:17.190Z,0.000223
0.085185,3000.0001,0.084958,3000.0003,Bitget,DOGE/USDT,2022-11-09T11:22:17.190Z,0.000227
0.085187,3000.0004,0.084956,3000.0029,Bitget,DOGE/USDT,2022-11-09T11:22:17.190Z,0.000231
