Ask,AVolume,Bid,BVolume,Exchange,Ticker,TimeStamp,Spread
17621.4,0.03,17621.37,0.17,BitMart,BTC/USDT,2022-11-09T11:11:24.022Z,0.03
17621.41,0.03,17621.3,0,BitMart,BTC/USDT,2022-11-09T11:11:24.022Z,0.11
17621.87,0.13,17620.8,0,BitMart,BTC/USDT,2022-11-09T11:11:24.022Z,1.07
17623.56,0.24,17620.79,0,BitMart,BTC/USDT,2022-11-09T11:11:24.022Z,2.77
17623.77,0.27,17620.29,0.24,BitMart,BTC/USDT,2022-11-09T11:11:24.022Z,3.48
17623.88,0.25,17619.79,0.25,BitMart,BTC/USDT,2022-11-09T11:11:24.022Z,4.09
17625.3,0.01,17618.94,0.23,BitMart,BTC/USDT,2022-11-09T11:11:24.022Z,6.36
17627.05,1.68,17614.54,1.83,BitMart,BTC/USDT,2022-11-09T11:11:24.022Z,12.51
17629.69,1.97,17612.44,1.11,BitMart,BTC/USDT,2022-11-09T11:11:24.022Z,17.25
17632.34,3.57,17609.16,3.62,BitMart,BTC/USDT,2022-11-09T11:11:24.022Z,23.18
17634.98,3.25,17606.51,3.25,BitMart,BTC/USDT,2022-11-09T11:11:24.022Z,28.47
17637.62,1.63,17605.77,1.44,BitMart,BTC/USDT,2022-11-09T11:11:24.022Z,31.85
17639.26,0.13,17602.19,1.02,BitMart,BTC/USDT,2022-11-09T11:11:24.022Z,37.07
17639.37,0.29,17599.55,1,BitMart,BTC/USDT,2022-11-09T11:11:24.022Z,39.82
17639.47,0.19,17596.56,3.83,BitMart,BTC/USDT,2022-11-09T11:11:24.022Z,42.91
17639.58,0.11,17591.86,1.5,BitMart,BTC/USDT,2022-11-09T11:11:24.022Z,47.72
17640.27,3.71,17587.88,0.95,BitMart,BTC/USDT,2022-11-09T11:11:24.022Z,52.39
17643.9,2.65,17584.64,1.73,BitMart,BTC/USDT,2022-11-09T11:11:24.022Z,59.26
17646.55,3.6,17581.74,3.6,BitMart,BTC/USDT,2022-11-09T11:11:24.022Z,64.81
17647.13,3.38,17581.29,1.69,BitMart,BTC/USDT,2022-11-09T11:11:24.022Z,65.84
17637.2,0,17635.8,0.65,Gate.io,BTC/USDT,2022-11-09T11:11:36.615Z,1.4
17639.9,0.25,17635.7,0.02,Gate.io,BTC/USDT,2022-11-09T11:11:36.615Z,4.2
17640.2,0.07,17635.2,0.01,Gate.io,BTC/USDT,2022-11-09T11:11:36.615Z,5
17640.4,0,17633.8,0,Gate.io,BTC/USDT,2022-11-09T11:11:36.615Z,6.6
17640.5,0.01,17633.1,0.03,Gate.io,BTC/USDT,2022-11-09T11:11:36.615Z,7.4
17642.9,0,17632.9,0,Gate.io,BTC/USDT,2022-11-09T11:11:36.615Z,10
17644.8,0,17629.4,0,Gate.io,BTC/USDT,2022-11-09T11:11:36.615Z,15.4
17645,0.01,17629.2,0.03,Gate.io,BTC/USDT,2022-11-09T11:11:36.615Z,15.8
17646.1,0.03,17629.1,0,Gate.io,BTC/USDT,2022-11-09T11:11:36.615Z,17
17646.2,0,17628.9,0.04,Gate.io,BTC/USDT,2022-11-09T11:11:36.615Z,17.3
17648.6,0.01,17628.7,0.03,Gate.io,BTC/USDT,2022-11-09T11:11:36.615Z,19.9
17649.4,0.05,17628.6,0.01,Gate.io,BTC/USDT,2022-11-09T11:11:36.615Z,20.8
17650.1,0.03,17628.5,0.02,Gate.io,BTC/USDT,2022-11-09T11:11:36.615Z,21.6
17652.3,0,17628.1,0,Gate.io,BTC/USDT,2022-11-09T11:11:36.615Z,24.2
17652.5,0.01,17627.1,0,Gate.io,BTC/USDT,2022-11-09T11:11:36.615Z,25.4
17652.6,1.42,17626.3,0,Gate.io,BTC/USDT,2022-11-09T11:11:36.615Z,26.3
17654.6,0,17626.2,0.06,Gate.io,BTC/USDT,2022-11-09T11:11:36.615Z,28.4
17655.3,0,17625.3,0.09,Gate.io,BTC/USDT,2022-11-09T11:11:36.615Z,30
17656.2,0.02,17624.6,0,Gate.io,BTC/USDT,2022-11-09T11:11:36.615Z,31.6
17656.7,0.03,17624.1,0.02,Gate.io,BTC/USDT,2022-11-09T11:11:36.615Z,32.6
17660,0,17655.18,0.02,Bitget,BTC/USDT,2022-11-09T11:11:50.596Z,4.82
17661.59,0.11,17654.82,0.06,Bitget,BTC/USDT,2022-11-09T11:11:50.596Z,6.77
17661.6,0.24,17654.67,0.72,Bitget,BTC/USDT,2022-11-09T11:11:50.596Z,6.93
17661.62,0.25,17654.52,1.89,Bitget,BTC/USDT,2022-11-09T11:11:50.596Z,7.1
17661.69,0.01,17654.5,0.22,Bitget,BTC/USDT,2022-11-09T11:11:50.596Z,7.19
17661.71,0.1,17653.05,1.78,Bitget,BTC/USDT,2022-11-09T11:11:50.596Z,8.66
17661.76,0.08,17652.96,0.56,Bitget,BTC/USDT,2022-11-09T11:11:50.596Z,8.8
17661.77,0.15,17652.61,0.48,Bitget,BTC/USDT,2022-11-09T11:11:50.596Z,9.16
17661.83,0.14,17652.6,2.66,Bitget,BTC/USDT,2022-11-09T11:11:50.596Z,9.23
17662.05,0.01,17652.45,0.47,Bitget,BTC/USDT,2022-11-09T11:11:50.596Z,9.6
17662.11,0.14,17652.43,0.36,Bitget,BTC/USDT,2022-11-09T11:11:50.596Z,9.68
17662.12,0.07,17652.05,0.78,Bitget,BTC/USDT,2022-11-09T11:11:50.596Z,10.07
17662.2,0.18,17651.95,0.36,Bitget,BTC/USDT,2022-11-09T11:11:50.596Z,10.25
17662.26,0.28,17651.87,0.4,Bitget,BTC/USDT,2022-11-09T11:11:50.596Z,10.39
17662.35,0.47,17651.77,0.01,Bitget,BTC/USDT,2022-11-09T11:11:50.596Z,10.58
17662.41,0.16,17651.61,3.31,Bitget,BTC/USDT,2022-11-09T11:11:50.596Z,10.8
17662.45,0.83,17651.41,0.16,Bitget,BTC/USDT,2022-11-09T11:11:50.596Z,11.04
17662.5,0.16,17651.35,0.03,Bitget,BTC/USDT,2022-11-09T11:11:50.596Z,11.15
17662.52,0.16,17651.15,0.01,Bitget,BTC/USDT,2022-11-09T11:11:50.596Z,11.37
17662.53,0.18,17651.05,0.19,Bitget,BTC/USDT,2022-11-09T11:11:50.596Z,11.48
17639.37,0,17631.98,3.49,BitMart,BTC/USDT,2022-11-09T11:12:02.041Z,7.39
17639.38,0,17628.54,3.25,BitMart,BTC/USDT,2022-11-09T11:12:02.041Z,10.84
17642.11,0.03,17625.9,2.98,BitMart,BTC/USDT,2022-11-09T11:12:02.041Z,16.21
17642.46,0.11,17621.66,1.46,BitMart,BTC/USDT,2022-11-09T11:12:02.041Z,20.8
17642.64,0.01,17619.01,0.88,BitMart,BTC/USDT,2022-11-09T11:12:02.041Z,23.63
17642.68,0.28,17614.54,1.83,BitMart,BTC/USDT,2022-11-09T11:12:02.041Z,28.14
17642.72,0.03,17612.44,1.11,BitMart,BTC/USDT,2022-11-09T11:12:02.041Z,30.28
17651.35,2.05,17609.16,3.62,BitMart,BTC/USDT,2022-11-09T11:12:02.041Z,42.19
17653.99,0.95,17606.51,3.25,BitMart,BTC/USDT,2022-11-09T11:12:02.041Z,47.48
17656.64,3.65,17605.77,1.44,BitMart,BTC/USDT,2022-11-09T11:12:02.041Z,50.87
17659.29,2.46,17602.19,1.02,BitMart,BTC/USDT,2022-11-09T11:12:02.041Z,57.1
17661.93,3.61,17599.55,1,BitMart,BTC/USDT,2022-11-09T11:12:02.041Z,62.38
17665.31,3.19,17596.56,3.83,BitMart,BTC/USDT,2022-11-09T11:12:02.041Z,68.75
17667.95,2.98,17591.86,1.5,BitMart,BTC/USDT,2022-11-09T11:12:02.041Z,76.09
17669.4,3.28,17587.88,0.95,BitMart,BTC/USDT,2022-11-09T11:12:02.041Z,81.52
17672.03,3.63,17584.64,1.73,BitMart,BTC/USDT,2022-11-09T11:12:02.041Z,87.39
17674.7,3.38,17582.77,0.01,BitMart,BTC/USDT,2022-11-09T11:12:02.041Z,91.93
17675.61,2.55,17581.74,3.6,BitMart,BTC/USDT,2022-11-09T11:12:02.041Z,93.87
17678.25,3.38,17581.29,1.69,BitMart,BTC/USDT,2022-11-09T11:12:02.041Z,96.96
17679.63,3.62,17579.85,2.94,BitMart,BTC/USDT,2022-11-09T11:12:02.041Z,99.78
17628.2,0.03,17622.3,0.03,Gate.io,BTC/USDT,2022-11-09T11:12:12.005Z,5.9
17630.9,0.01,17621.7,0.06,Gate.io,BTC/USDT,2022-11-09T11:12:12.005Z,9.2
17631,0,17621.6,0,Gate.io,BTC/USDT,2022-11-09T11:12:12.005Z,9.4
17631.1,0,17621.1,0.01,Gate.io,BTC/USDT,2022-11-09T11:12:12.005Z,10
17632,0.08,17620.7,0.01,Gate.io,BTC/USDT,2022-11-09T11:12:12.005Z,11.3
17632.1,0,17620.6,0.03,Gate.io,BTC/USDT,2022-11-09T11:12:12.005Z,11.5
17632.4,0.01,17620.5,0.71,Gate.io,BTC/USDT,2022-11-09T11:12:12.005Z,11.9
17636.2,0.01,17620.3,0.01,Gate.io,BTC/USDT,2022-11-09T11:12:12.005Z,15.9
17637.4,0.19,17618.6,0,Gate.io,BTC/USDT,2022-11-09T11:12:12.005Z,18.8
17639.8,0.12,17616.9,0.03,Gate.io,BTC/USDT,2022-11-09T11:12:12.005Z,22.9
17642.8,0.02,17615,0.06,Gate.io,BTC/USDT,2022-11-09T11:12:12.005Z,27.8
17643.2,0.03,17612.1,1.42,Gate.io,BTC/USDT,2022-11-09T11:12:12.005Z,31.1
17644.2,0.03,17612,0,Gate.io,BTC/USDT,2022-11-09T11:12:12.005Z,32.2
17646.2,0.02,17611.3,0,Gate.io,BTC/USDT,2022-11-09T11:12:12.005Z,34.9
17648,0.05,17610.7,0,Gate.io,BTC/USDT,2022-11-09T11:12:12.005Z,37.3
17648.1,0.03,17609.5,0.02,Gate.io,BTC/USDT,2022-11-09T11:12:12.005Z,38.6
17648.3,2.45,17608.9,0.05,Gate.io,BTC/USDT,2022-11-09T11:12:12.005Z,39.4
17648.9,0.01,17608.8,0.2,Gate.io,BTC/USDT,2022-11-09T11:12:12.005Z,40.1
17649.5,0.01,17605.8,0.16,Gate.io,BTC/USDT,2022-11-09T11:12:12.005Z,43.7
17649.9,0.03,17604.5,2.19,Gate.io,BTC/USDT,2022-11-09T11:12:12.005Z,45.4
17630.49,0.01,17627.54,0.03,Bitget,BTC/USDT,2022-11-09T11:12:23.359Z,2.95
17630.57,0.1,17627.08,0.01,Bitget,BTC/USDT,2022-11-09T11:12:23.359Z,3.49
17630.58,0.34,17627.06,0.72,Bitget,BTC/USDT,2022-11-09T11:12:23.359Z,3.52
17630.59,0.41,17626.97,0.01,Bitget,BTC/USDT,2022-11-09T11:12:23.359Z,3.62
17630.6,0.17,17626.64,0.01,Bitget,BTC/USDT,2022-11-09T11:12:23.359Z,3.96
17633.34,0.01,17626.6,0.05,Bitget,BTC/USDT,2022-11-09T11:12:23.359Z,6.74
17633.37,0.1,17626.48,0.2,Bitget,BTC/USDT,2022-11-09T11:12:23.359Z,6.89
17633.94,0.01,17626.18,0.01,Bitget,BTC/USDT,2022-11-09T11:12:23.359Z,7.76
17634,0,17626.06,0.68,Bitget,BTC/USDT,2022-11-09T11:12:23.359Z,7.94
17634.14,0.01,17625.98,0.01,Bitget,BTC/USDT,2022-11-09T11:12:23.359Z,8.16
17634.34,0.01,17625.97,0.3,Bitget,BTC/USDT,2022-11-09T11:12:23.359Z,8.37
17634.44,0.18,17625.96,0.01,Bitget,BTC/USDT,2022-11-09T11:12:23.359Z,8.48
17634.55,0.27,17625.89,0.01,Bitget,BTC/USDT,2022-11-09T11:12:23.359Z,8.66
17634.56,0.1,17625.84,0.02,Bitget,BTC/USDT,2022-11-09T11:12:23.359Z,8.72
17634.94,0.01,17625.8,0.1,Bitget,BTC/USDT,2022-11-09T11:12:23.359Z,9.14
17635.01,0.01,17625.76,0.01,Bitget,BTC/USDT,2022-11-09T11:12:23.359Z,9.25
17635.04,0.2,17625.73,0.01,Bitget,BTC/USDT,2022-11-09T11:12:23.359Z,9.31
17635.13,0.01,17625.64,0.01,Bitget,BTC/USDT,2022-11-09T11:12:23.359Z,9.49
17635.44,0.21,17625.45,0.01,Bitget,BTC/USDT,2022-11-09T11:12:23.359Z,9.99
17635.59,0.57,17625.29,0.84,Bitget,BTC/USDT,2022-11-09T11:12:23.359Z,10.3
17638.09,0.03,17630.44,3.36,BitMart,BTC/USDT,2022-11-09T11:12:34.373Z,7.65
17639.51,0.02,17627.48,3.19,BitMart,BTC/USDT,2022-11-09T11:12:34.373Z,12.03
17639.87,0.19,17624.83,0.96,BitMart,BTC/USDT,2022-11-09T11:12:34.373Z,15.04
17640.19,0.28,17621.66,1.46,BitMart,BTC/USDT,2022-11-09T11:12:34.373Z,18.53
17640.29,0.27,17619.01,0.88,BitMart,BTC/USDT,2022-11-09T11:12:34.373Z,21.28
17640.4,0.27,17614.54,1.83,BitMart,BTC/USDT,2022-11-09T11:12:34.373Z,25.86
17640.5,0.17,17612.44,1.11,BitMart,BTC/USDT,2022-11-09T11:12:34.373Z,28.06
17640.61,0.07,17609.16,3.62,BitMart,BTC/USDT,2022-11-09T11:12:34.373Z,31.45
17640.72,0.3,17606.51,3.25,BitMart,BTC/USDT,2022-11-09T11:12:34.373Z,34.21
17640.82,0.22,17605.77,1.44,BitMart,BTC/USDT,2022-11-09T11:12:34.373Z,35.05
17641.88,0.12,17602.19,1.02,BitMart,BTC/USDT,2022-11-09T11:12:34.373Z,39.69
17642.07,0.14,17599.55,1,BitMart,BTC/USDT,2022-11-09T11:12:34.373Z,42.52
17642.49,0.22,17596.56,3.83,BitMart,BTC/USDT,2022-11-09T11:12:34.373Z,45.93
17643.98,2.17,17591.86,1.5,BitMart,BTC/USDT,2022-11-09T11:12:34.373Z,52.12
17649.1,2.88,17587.89,0.01,BitMart,BTC/USDT,2022-11-09T11:12:34.373Z,61.21
17651.44,3.68,17587.88,0.95,BitMart,BTC/USDT,2022-11-09T11:12:34.373Z,63.56
17653.99,0.95,17584.64,1.73,BitMart,BTC/USDT,2022-11-09T11:12:34.373Z,69.35
17656.64,3.65,17581.74,3.6,BitMart,BTC/USDT,2022-11-09T11:12:34.373Z,74.9
17659.29,2.46,17581.29,1.69,BitMart,BTC/USDT,2022-11-09T11:12:34.373Z,78
17661.93,3.61,17579.85,2.94,BitMart,BTC/USDT,2022-11-09T11:12:34.373Z,82.08
17655.9,0.03,17655.3,0.03,Gate.io,BTC/USDT,2022-11-09T11:12:44.356Z,0.6
17656.9,0,17655.2,0.03,Gate.io,BTC/USDT,2022-11-09T11:12:44.356Z,1.7
17657,0.02,17654.5,0.02,Gate.io,BTC/USDT,2022-11-09T11:12:44.356Z,2.5
17658,0.01,17647.5,0.03,Gate.io,BTC/USDT,2022-11-09T11:12:44.356Z,10.5
17659.6,0,17646.5,0.01,Gate.io,BTC/USDT,2022-11-09T11:12:44.356Z,13.1
17663,0.21,17645,0.03,Gate.io,BTC/USDT,2022-11-09T11:12:44.356Z,18
17663.4,0,17644.2,0.18,Gate.io,BTC/USDT,2022-11-09T11:12:44.356Z,19.2
17664.2,0,17643.6,0,Gate.io,BTC/USDT,2022-11-09T11:12:44.356Z,20.6
17665.7,0.14,17643.3,0,Gate.io,BTC/USDT,2022-11-09T11:12:44.356Z,22.4
17666.5,0.03,17643.1,0.01,Gate.io,BTC/USDT,2022-11-09T11:12:44.356Z,23.4
17666.6,0.07,17641.6,0,Gate.io,BTC/USDT,2022-11-09T11:12:44.356Z,25
17667.6,0.04,17641.5,0.09,Gate.io,BTC/USDT,2022-11-09T11:12:44.356Z,26.1
17669.9,0,17641.4,0.02,Gate.io,BTC/USDT,2022-11-09T11:12:44.356Z,28.5
17672.7,0,17638.6,0.03,Gate.io,BTC/USDT,2022-11-09T11:12:44.356Z,34.1
17672.8,1.42,17637.5,0.03,Gate.io,BTC/USDT,2022-11-09T11:12:44.356Z,35.3
17672.9,0,17636.7,0,Gate.io,BTC/USDT,2022-11-09T11:12:44.356Z,36.2
17673.7,0.01,17636.5,0,Gate.io,BTC/USDT,2022-11-09T11:12:44.356Z,37.2
17674,0,17634.6,0.02,Gate.io,BTC/USDT,2022-11-09T11:12:44.356Z,39.4
17674.3,0.03,17633.8,1.42,Gate.io,BTC/USDT,2022-11-09T11:12:44.356Z,40.5
17676.4,0.01,17632,0.01,Gate.io,BTC/USDT,2022-11-09T11:12:44.356Z,44.4
17670.35,0.07,17665.59,0.01,Bitget,BTC/USDT,2022-11-09T11:12:55.751Z,4.76
17670.68,0.16,17665.35,0.18,Bitget,BTC/USDT,2022-11-09T11:12:55.751Z,5.33
17670.7,0.1,17665.3,0.01,Bitget,BTC/USDT,2022-11-09T11:12:55.751Z,5.4
17671.54,0.01,17665.29,0.01,Bitget,BTC/USDT,2022-11-09T11:12:55.751Z,6.25
17672.75,0.01,17665.27,0.24,Bitget,BTC/USDT,2022-11-09T11:12:55.751Z,7.48
17672.85,0.02,17665.25,0.06,Bitget,BTC/USDT,2022-11-09T11:12:55.751Z,7.6
17672.97,0.01,17665.15,0.33,Bitget,BTC/USDT,2022-11-09T11:12:55.751Z,7.82
17673.15,1.98,17665.14,0.11,Bitget,BTC/USDT,2022-11-09T11:12:55.751Z,8.01
17673.2,0.18,17664.96,0.12,Bitget,BTC/USDT,2022-11-09T11:12:55.751Z,8.24
17673.21,0.2,17664.93,0.04,Bitget,BTC/USDT,2022-11-09T11:12:55.751Z,8.28
17673.39,0.11,17664.92,0.08,Bitget,BTC/USDT,2022-11-09T11:12:55.751Z,8.47
17673.45,0.01,17664.85,0.01,Bitget,BTC/USDT,2022-11-09T11:12:55.751Z,8.6
17673.75,0.01,17664.75,0.17,Bitget,BTC/USDT,2022-11-09T11:12:55.751Z,9
17674.31,0.5,17664.71,0.06,Bitget,BTC/USDT,2022-11-09T11:12:55.751Z,9.6
17674.45,0.02,17664.6,0.01,Bitget,BTC/USDT,2022-11-09T11:12:55.751Z,9.85
17674.46,0.01,17664.57,0.01,Bitget,BTC/USDT,2022-11-09T11:12:55.751Z,9.89
17674.58,0.01,17664.44,0.01,Bitget,BTC/USDT,2022-11-09T11:12:55.751Z,10.14
17674.62,0.01,17664.43,0.03,Bitget,BTC/USDT,2022-11-09T11:12:55.751Z,10.19
17674.76,0.01,17664.35,0.76,Bitget,BTC/USDT,2022-11-09T11:12:55.751Z,10.41
17674.85,0.03,17664.25,0.95,Bitget,BTC/USDT,2022-11-09T11:12:55.751Z,10.6
17681.95,0.13,17678.99,0.15,BitMart,BTC/USDT,2022-11-09T11:13:06.467Z,2.96
17688.74,3.38,17678.67,0.1,BitMart,BTC/USDT,2022-11-09T11:13:06.467Z,10.07
17691.77,1.55,17677.93,0.18,BitMart,BTC/USDT,2022-11-09T11:13:06.467Z,13.84
17694.41,2.01,17676.98,0.3,BitMart,BTC/USDT,2022-11-09T11:13:06.467Z,17.43
17696.44,3.77,17674.29,0.08,BitMart,BTC/USDT,2022-11-09T11:13:06.467Z,22.15
17699.38,1.77,17674.18,0.23,BitMart,BTC/USDT,2022-11-09T11:13:06.467Z,25.2
17699.66,2.33,17674.08,0.29,BitMart,BTC/USDT,2022-11-09T11:13:06.467Z,25.58
17702.3,3.18,17673.97,0.26,BitMart,BTC/USDT,2022-11-09T11:13:06.467Z,28.33
17704.18,2.08,17673.87,0.08,BitMart,BTC/USDT,2022-11-09T11:13:06.467Z,30.31
17707.58,1.85,17673.76,0.19,BitMart,BTC/USDT,2022-11-09T11:13:06.467Z,33.82
17710.26,3.52,17673.65,0.17,BitMart,BTC/USDT,2022-11-09T11:13:06.467Z,36.61
17712.89,1.68,17673.55,0.12,BitMart,BTC/USDT,2022-11-09T11:13:06.467Z,39.34
17715.22,1.75,17673.44,0.08,BitMart,BTC/USDT,2022-11-09T11:13:06.467Z,41.78
17717.86,2.61,17672.91,0.21,BitMart,BTC/USDT,2022-11-09T11:13:06.467Z,44.95
17719.03,0.88,17671.38,3.63,BitMart,BTC/USDT,2022-11-09T11:13:06.467Z,47.65
17721.68,2.86,17670.9,0.28,BitMart,BTC/USDT,2022-11-09T11:13:06.467Z,50.78
17726.42,3.63,17670.21,2.96,BitMart,BTC/USDT,2022-11-09T11:13:06.467Z,56.21
17730.39,3.39,17667.56,2.33,BitMart,BTC/USDT,2022-11-09T11:13:06.467Z,62.83
17733.03,1.92,17665.86,3.78,BitMart,BTC/USDT,2022-11-09T11:13:06.467Z,67.17
17735.68,2.85,17665.03,1.13,BitMart,BTC/USDT,2022-11-09T11:13:06.467Z,70.65
17685.7,0,17685.1,0,Gate.io,BTC/USDT,2022-11-09T11:13:15.879Z,0.6
17690.5,0,17684.2,0.5,Gate.io,BTC/USDT,2022-11-09T11:13:15.879Z,6.3
17691,0,17683.7,1.09,Gate.io,BTC/USDT,2022-11-09T11:13:15.879Z,7.3
17691.5,0.01,17683.6,1.82,Gate.io,BTC/USDT,2022-11-09T11:13:15.879Z,7.9
17692,0.02,17683.5,0.01,Gate.io,BTC/USDT,2022-11-09T11:13:15.879Z,8.5
17692.5,0,17683.4,0,Gate.io,BTC/USDT,2022-11-09T11:13:15.879Z,9.1
17692.9,0,17683,0,Gate.io,BTC/USDT,2022-11-09T11:13:15.879Z,9.9
17693,0,17682.3,0.01,Gate.io,BTC/USDT,2022-11-09T11:13:15.879Z,10.7
17693.3,0.05,17682.2,0.03,Gate.io,BTC/USDT,2022-11-09T11:13:15.879Z,11.1
17694,0,17682.1,0.01,Gate.io,BTC/USDT,2022-11-09T11:13:15.879Z,11.9
17697.6,0.02,17681.2,0.03,Gate.io,BTC/USDT,2022-11-09T11:13:15.879Z,16.4
17698.3,0,17678.8,0.01,Gate.io,BTC/USDT,2022-11-09T11:13:15.879Z,19.5
17700,0,17677.4,0,Gate.io,BTC/USDT,2022-11-09T11:13:15.879Z,22.6
17700.9,0,17676.5,0.01,Gate.io,BTC/USDT,2022-11-09T11:13:15.879Z,24.4
17701.2,0.01,17674.6,0.04,Gate.io,BTC/USDT,2022-11-09T11:13:15.879Z,26.6
17702.2,0,17672,0,Gate.io,BTC/USDT,2022-11-09T11:13:15.879Z,30.2
17702.8,0,17671.4,0.03,Gate.io,BTC/USDT,2022-11-09T11:13:15.879Z,31.4
17702.9,0.07,17669,0.06,Gate.io,BTC/USDT,2022-11-09T11:13:15.879Z,33.9
17703.3,0.02,17667.9,0,Gate.io,BTC/USDT,2022-11-09T11:13:15.879Z,35.4
17703.7,0,17667.4,0.02,Gate.io,BTC/USDT,2022-11-09T11:13:15.879Z,36.3
17696.64,0.19,17694.82,0.39,Bitget,BTC/USDT,2022-11-09T11:13:27.789Z,1.82
17698.94,0.2,17694.81,0.22,Bitget,BTC/USDT,2022-11-09T11:13:27.789Z,4.13
17699.04,0.22,17694.58,0.98,Bitget,BTC/USDT,2022-11-09T11:13:27.789Z,4.46
17699.44,0.2,17694.32,0.28,Bitget,BTC/USDT,2022-11-09T11:13:27.789Z,5.12
17699.54,1.24,17694.29,0.11,Bitget,BTC/USDT,2022-11-09T11:13:27.789Z,5.25
17699.64,1.34,17694.28,0.42,Bitget,BTC/USDT,2022-11-09T11:13:27.789Z,5.36
17699.74,0.16,17694.27,0.16,Bitget,BTC/USDT,2022-11-09T11:13:27.789Z,5.47
17699.84,0.19,17694.26,0.16,Bitget,BTC/USDT,2022-11-09T11:13:27.789Z,5.58
17700.02,0.01,17694.25,0.75,Bitget,BTC/USDT,2022-11-09T11:13:27.789Z,5.77
17700.14,0.2,17694.24,0.16,Bitget,BTC/USDT,2022-11-09T11:13:27.789Z,5.9
17700.34,0.02,17694.1,0.14,Bitget,BTC/USDT,2022-11-09T11:13:27.789Z,6.24
17700.41,2.44,17690.52,0.01,Bitget,BTC/USDT,2022-11-09T11:13:27.789Z,9.89
17700.44,0.19,17690.46,0.08,Bitget,BTC/USDT,2022-11-09T11:13:27.789Z,9.98
17700.69,0.01,17690.43,0.01,Bitget,BTC/USDT,2022-11-09T11:13:27.789Z,10.26
17700.8,0.03,17690.22,0.02,Bitget,BTC/USDT,2022-11-09T11:13:27.789Z,10.58
17700.82,0.02,17689.89,0.01,Bitget,BTC/USDT,2022-11-09T11:13:27.789Z,10.93
17700.89,0.01,17689.87,0.84,Bitget,BTC/USDT,2022-11-09T11:13:27.789Z,11.02
17700.94,0.01,17689.68,0.01,Bitget,BTC/USDT,2022-11-09T11:13:27.789Z,11.26
17701.04,0.2,17689.34,0.21,Bitget,BTC/USDT,2022-11-09T11:13:27.789Z,11.7
17701.15,0.11,17688.6,0.01,Bitget,BTC/USDT,2022-11-09T11:13:27.789Z,12.55
17690.21,0.02,17688.15,0.03,BitMart,BTC/USDT,2022-11-09T11:13:39.562Z,2.06
17694.11,0.02,17687.74,0.02,BitMart,BTC/USDT,2022-11-09T11:13:39.562Z,6.37
17694.51,0.11,17686.98,0.17,BitMart,BTC/USDT,2022-11-09T11:13:39.562Z,7.53
17695.14,0.16,17686.66,0.17,BitMart,BTC/USDT,2022-11-09T11:13:39.562Z,8.48
17695.57,0.3,17684.86,0.2,BitMart,BTC/USDT,2022-11-09T11:13:39.562Z,10.71
17696.5,0.13,17684.75,0.18,BitMart,BTC/USDT,2022-11-09T11:13:39.562Z,11.75
17697.14,0.29,17684.54,0.13,BitMart,BTC/USDT,2022-11-09T11:13:39.562Z,12.6
17698.25,0,17684.44,0.08,BitMart,BTC/USDT,2022-11-09T11:13:39.562Z,13.81
17698.68,2.98,17683.9,0.22,BitMart,BTC/USDT,2022-11-09T11:13:39.562Z,14.78
17701.34,0.96,17683.8,0.17,BitMart,BTC/USDT,2022-11-09T11:13:39.562Z,17.54
17703.99,0.93,17680.06,3.68,BitMart,BTC/USDT,2022-11-09T11:13:39.562Z,23.93
17706.65,3.07,17677.4,3.18,BitMart,BTC/USDT,2022-11-09T11:13:39.562Z,29.25
17710.26,3.52,17674.75,1.52,BitMart,BTC/USDT,2022-11-09T11:13:39.562Z,35.51
17712.89,1.68,17672.1,3.07,BitMart,BTC/USDT,2022-11-09T11:13:39.562Z,40.79
17715.22,1.75,17669.44,3.16,BitMart,BTC/USDT,2022-11-09T11:13:39.562Z,45.78
17717.86,2.61,17666.79,3,BitMart,BTC/USDT,2022-11-09T11:13:39.562Z,51.07
17719.03,0.88,17662.38,2.64,BitMart,BTC/USDT,2022-11-09T11:13:39.562Z,56.65
17721.68,2.86,17660.68,3.56,BitMart,BTC/USDT,2022-11-09T11:13:39.562Z,61
17726.42,3.63,17657.48,3.36,BitMart,BTC/USDT,2022-11-09T11:13:39.562Z,68.94
17730.39,3.39,17654.83,3.32,BitMart,BTC/USDT,2022-11-09T11:13:39.562Z,75.56
17697.2,0,17688.1,1.42,Gate.io,BTC/USDT,2022-11-09T11:13:49.034Z,9.1
17697.3,0.06,17687.5,0.03,Gate.io,BTC/USDT,2022-11-09T11:13:49.034Z,9.8
17697.4,0.06,17687.2,0,Gate.io,BTC/USDT,2022-11-09T11:13:49.034Z,10.2
17697.5,1.24,17684.6,0.03,Gate.io,BTC/USDT,2022-11-09T11:13:49.034Z,12.9
17697.6,1.78,17683.7,0.12,Gate.io,BTC/USDT,2022-11-09T11:13:49.034Z,13.9
17699.4,1.65,17682.4,0,Gate.io,BTC/USDT,2022-11-09T11:13:49.034Z,17
17699.7,0.01,17681.9,0.03,Gate.io,BTC/USDT,2022-11-09T11:13:49.034Z,17.8
17701.9,0.03,17681.5,0.06,Gate.io,BTC/USDT,2022-11-09T11:13:49.034Z,20.4
17702.8,0,17680.8,2.19,Gate.io,BTC/USDT,2022-11-09T11:13:49.034Z,22
17702.9,0.02,17680.3,0.01,Gate.io,BTC/USDT,2022-11-09T11:13:49.034Z,22.6
17703,0.01,17678.8,0.01,Gate.io,BTC/USDT,2022-11-09T11:13:49.034Z,24.2
17703.4,0.01,17678.1,0.01,Gate.io,BTC/USDT,2022-11-09T11:13:49.034Z,25.3
17704,0,17678,0.06,Gate.io,BTC/USDT,2022-11-09T11:13:49.034Z,26
17705.7,0.03,17676.4,0,Gate.io,BTC/USDT,2022-11-09T11:13:49.034Z,29.3
17706.4,0.09,17672,0,Gate.io,BTC/USDT,2022-11-09T11:13:49.034Z,34.4
17706.5,0.03,17670.3,0.2,Gate.io,BTC/USDT,2022-11-09T11:13:49.034Z,36.2
17707.3,2.31,17670,0.16,Gate.io,BTC/USDT,2022-11-09T11:13:49.034Z,37.3
17707.5,0,17667.9,0,Gate.io,BTC/USDT,2022-11-09T11:13:49.034Z,39.6
17709.7,0,17666.6,0,Gate.io,BTC/USDT,2022-11-09T11:13:49.034Z,43.1
17709.8,0,17666.2,0.18,Gate.io,BTC/USDT,2022-11-09T11:13:49.034Z,43.6
17711.91,0,17708.81,0.25,Bitget,BTC/USDT,2022-11-09T11:14:00.837Z,3.1
17713.98,0.01,17708.8,0.47,Bitget,BTC/USDT,2022-11-09T11:14:00.837Z,5.18
17714.1,0,17708.79,0.6,Bitget,BTC/USDT,2022-11-09T11:14:00.837Z,5.31
17714.34,0.01,17708.78,0.16,Bitget,BTC/USDT,2022-11-09T11:14:00.837Z,5.56
17714.49,0.07,17708.43,0.54,Bitget,BTC/USDT,2022-11-09T11:14:00.837Z,6.06
17714.64,0.18,17707.81,0.01,Bitget,BTC/USDT,2022-11-09T11:14:00.837Z,6.83
17714.65,0.1,17707.45,0.01,Bitget,BTC/USDT,2022-11-09T11:14:00.837Z,7.2
17714.96,0.01,17707.3,0.01,Bitget,BTC/USDT,2022-11-09T11:14:00.837Z,7.66
17715.05,3.6,17707.15,0.01,Bitget,BTC/USDT,2022-11-09T11:14:00.837Z,7.9
17715.15,0.48,17706.94,0.1,Bitget,BTC/USDT,2022-11-09T11:14:00.837Z,8.21
17715.29,0.5,17706.62,0.02,Bitget,BTC/USDT,2022-11-09T11:14:00.837Z,8.67
17715.34,0.01,17706.57,0.17,Bitget,BTC/USDT,2022-11-09T11:14:00.837Z,8.77
17715.35,0.07,17706.56,0.01,Bitget,BTC/USDT,2022-11-09T11:14:00.837Z,8.79
17715.37,0.1,17706.55,0.16,Bitget,BTC/USDT,2022-11-09T11:14:00.837Z,8.82
17715.38,0.2,17706.54,0.17,Bitget,BTC/USDT,2022-11-09T11:14:00.837Z,8.84
17715.45,0.03,17706.39,0.01,Bitget,BTC/USDT,2022-11-09T11:14:00.837Z,9.06
17715.55,0.01,17706.15,0.01,Bitget,BTC/USDT,2022-11-09T11:14:00.837Z,9.4
17715.63,0.25,17706.12,0.01,Bitget,BTC/USDT,2022-11-09T11:14:00.837Z,9.51
17715.64,0.02,17705.85,0.01,Bitget,BTC/USDT,2022-11-09T11:14:00.837Z,9.79
17715.69,0.1,17705.84,0.01,Bitget,BTC/USDT,2022-11-09T11:14:00.837Z,9.85
17711.07,0.01,17710.57,0,BitMart,BTC/USDT,2022-11-09T11:14:13.150Z,0.5
17711.49,0.01,17709.52,0.25,BitMart,BTC/USDT,2022-11-09T11:14:13.150Z,1.97
17712.35,0,17708.25,0.24,BitMart,BTC/USDT,2022-11-09T11:14:13.150Z,4.1
17712.45,0.12,17708.14,0.2,BitMart,BTC/USDT,2022-11-09T11:14:13.150Z,4.31
17718.34,1.35,17708.03,0.26,BitMart,BTC/USDT,2022-11-09T11:14:13.150Z,10.31
17721,2.72,17707.82,0.27,BitMart,BTC/USDT,2022-11-09T11:14:13.150Z,13.18
17723.65,2.41,17707.72,0.26,BitMart,BTC/USDT,2022-11-09T11:14:13.150Z,15.93
17726.42,3.63,17707.61,0.19,BitMart,BTC/USDT,2022-11-09T11:14:13.150Z,18.81
17730.39,3.39,17707.5,0.13,BitMart,BTC/USDT,2022-11-09T11:14:13.150Z,22.89
17733.03,1.92,17707.4,0.18,BitMart,BTC/USDT,2022-11-09T11:14:13.150Z,25.63
17735.68,2.85,17707.18,0.16,BitMart,BTC/USDT,2022-11-09T11:14:13.150Z,28.5
17738.32,1.94,17705.54,2.09,BitMart,BTC/USDT,2022-11-09T11:14:13.150Z,32.78
17738.42,1.02,17702.88,2.46,BitMart,BTC/USDT,2022-11-09T11:14:13.150Z,35.54
17738.48,1.11,17702.7,0.25,BitMart,BTC/USDT,2022-11-09T11:14:13.150Z,35.78
17741.13,2.84,17702.49,0.19,BitMart,BTC/USDT,2022-11-09T11:14:13.150Z,38.64
17743.29,1.59,17702.39,0.2,BitMart,BTC/USDT,2022-11-09T11:14:13.150Z,40.9
17746.44,3.76,17701.96,0.1,BitMart,BTC/USDT,2022-11-09T11:14:13.150Z,44.48
17749.08,0.85,17701.64,0.28,BitMart,BTC/USDT,2022-11-09T11:14:13.150Z,47.44
17751.73,2.63,17700.26,0.3,BitMart,BTC/USDT,2022-11-09T11:14:13.150Z,51.47
17754.81,1.23,17700.22,2.67,BitMart,BTC/USDT,2022-11-09T11:14:13.150Z,54.59
17730.8,0.03,17724,0.08,Gate.io,BTC/USDT,2022-11-09T11:14:22.840Z,6.8
17730.9,0,17719.8,0,Gate.io,BTC/USDT,2022-11-09T11:14:22.840Z,11.1
17731.1,0.03,17718.9,0,Gate.io,BTC/USDT,2022-11-09T11:14:22.840Z,12.2
17731.9,0,17715.6,0.03,Gate.io,BTC/USDT,2022-11-09T11:14:22.840Z,16.3
17734.6,0,17714.7,0,Gate.io,BTC/USDT,2022-11-09T11:14:22.840Z,19.9
17734.7,0.02,17714.4,0,Gate.io,BTC/USDT,2022-11-09T11:14:22.840Z,20.3
17734.8,0.01,17714.3,0,Gate.io,BTC/USDT,2022-11-09T11:14:22.840Z,20.5
17734.9,0,17713.8,0.01,Gate.io,BTC/USDT,2022-11-09T11:14:22.840Z,21.1
17735.7,0,17713.6,0.01,Gate.io,BTC/USDT,2022-11-09T11:14:22.840Z,22.1
17736.5,0,17711.8,0.03,Gate.io,BTC/USDT,2022-11-09T11:14:22.840Z,24.7
17737.9,0.02,17711.7,0.54,Gate.io,BTC/USDT,2022-11-09T11:14:22.840Z,26.2
17738.6,0.03,17711.3,0.02,Gate.io,BTC/USDT,2022-11-09T11:14:22.840Z,27.3
17738.7,0.09,17709.4,0.05,Gate.io,BTC/USDT,2022-11-09T11:14:22.840Z,29.3
17739,0,17709.3,0.01,Gate.io,BTC/USDT,2022-11-09T11:14:22.840Z,29.7
17739.2,0.03,17706.1,0.19,Gate.io,BTC/USDT,2022-11-09T11:14:22.840Z,33.1
17739.5,0,17705.8,0,Gate.io,BTC/USDT,2022-11-09T11:14:22.840Z,33.7
17740.4,0.09,17705,0.2,Gate.io,BTC/USDT,2022-11-09T11:14:22.840Z,35.4
17740.7,0.05,17704.9,0,Gate.io,BTC/USDT,2022-11-09T11:14:22.840Z,35.8
17742.2,0,17703.2,0.03,Gate.io,BTC/USDT,2022-11-09T11:14:22.840Z,39
17743.9,0,17703.1,0.05,Gate.io,BTC/USDT,2022-11-09T11:14:22.840Z,40.8
17722.02,0.06,17721.31,0.15,Bitget,BTC/USDT,2022-11-09T11:14:34.420Z,0.71
17722.5,0.16,17720.96,0.13,Bitget,BTC/USDT,2022-11-09T11:14:34.420Z,1.54
17722.53,0.04,17719.45,0.05,Bitget,BTC/USDT,2022-11-09T11:14:34.420Z,3.08
17722.56,0.57,17719.44,0.01,Bitget,BTC/USDT,2022-11-09T11:14:34.420Z,3.12
17722.58,0.44,17719.42,0.24,Bitget,BTC/USDT,2022-11-09T11:14:34.420Z,3.16
17723.7,0.05,17719.31,0.01,Bitget,BTC/USDT,2022-11-09T11:14:34.420Z,4.39
17725.49,0.9,17719.26,0.03,Bitget,BTC/USDT,2022-11-09T11:14:34.420Z,6.23
17725.74,0.29,17719.24,0.38,Bitget,BTC/USDT,2022-11-09T11:14:34.420Z,6.5
17725.84,0.64,17719.23,0.03,Bitget,BTC/USDT,2022-11-09T11:14:34.420Z,6.61
17727.24,0.01,17719.21,0.16,Bitget,BTC/USDT,2022-11-09T11:14:34.420Z,8.03
17727.27,0.2,17719.06,0.01,Bitget,BTC/USDT,2022-11-09T11:14:34.420Z,8.21
17727.28,0.1,17719,0.26,Bitget,BTC/USDT,2022-11-09T11:14:34.420Z,8.28
17727.74,0.1,17718.96,0.16,Bitget,BTC/USDT,2022-11-09T11:14:34.420Z,8.78
17727.84,0.25,17718.9,0.18,Bitget,BTC/USDT,2022-11-09T11:14:34.420Z,8.94
17727.93,0.01,17718.8,0.01,Bitget,BTC/USDT,2022-11-09T11:14:34.420Z,9.13
17727.94,0.67,17718.65,0.01,Bitget,BTC/USDT,2022-11-09T11:14:34.420Z,9.29
17728.04,3.42,17718.6,0.29,Bitget,BTC/USDT,2022-11-09T11:14:34.420Z,9.44
17728.24,1.34,17718.47,0.07,Bitget,BTC/USDT,2022-11-09T11:14:34.420Z,9.77
17728.44,0.46,17718.36,0.01,Bitget,BTC/USDT,2022-11-09T11:14:34.420Z,10.08
17728.47,0.04,17718.34,0.16,Bitget,BTC/USDT,2022-11-09T11:14:34.420Z,10.13
17733.43,0.25,17731.52,0.01,BitMart,BTC/USDT,2022-11-09T11:14:45.611Z,1.91
17733.45,0.21,17731.39,0.16,BitMart,BTC/USDT,2022-11-09T11:14:45.611Z,2.06
17733.56,0.3,17729.95,0.28,BitMart,BTC/USDT,2022-11-09T11:14:45.611Z,3.61
17733.66,0.09,17729.9,0.27,BitMart,BTC/USDT,2022-11-09T11:14:45.611Z,3.76
17733.98,0.28,17728.31,0.11,BitMart,BTC/USDT,2022-11-09T11:14:45.611Z,5.67
17734.39,0.09,17728.19,0.13,BitMart,BTC/USDT,2022-11-09T11:14:45.611Z,6.2
17734.41,0.15,17728.08,0.25,BitMart,BTC/USDT,2022-11-09T11:14:45.611Z,6.33
17734.51,0.22,17727.98,0.1,BitMart,BTC/USDT,2022-11-09T11:14:45.611Z,6.53
17734.6,0.25,17724.57,1.27,BitMart,BTC/USDT,2022-11-09T11:14:45.611Z,10.03
17735.37,0.18,17721.91,3.79,BitMart,BTC/USDT,2022-11-09T11:14:45.611Z,13.46
17735.47,0.13,17718.54,1.55,BitMart,BTC/USDT,2022-11-09T11:14:45.611Z,16.93
17741.13,2.84,17717.41,1.25,BitMart,BTC/USDT,2022-11-09T11:14:45.611Z,23.72
17743.29,1.59,17714.75,1.87,BitMart,BTC/USDT,2022-11-09T11:14:45.611Z,28.54
17746.44,3.76,17713.6,3.66,BitMart,BTC/USDT,2022-11-09T11:14:45.611Z,32.84
17749.08,0.85,17712.39,3.51,BitMart,BTC/USDT,2022-11-09T11:14:45.611Z,36.69
17751.73,2.63,17709.73,2.09,BitMart,BTC/USDT,2022-11-09T11:14:45.611Z,42
17754.81,1.23,17708.29,1.66,BitMart,BTC/USDT,2022-11-09T11:14:45.611Z,46.52
17757.28,2.72,17705.64,1.41,BitMart,BTC/USDT,2022-11-09T11:14:45.611Z,51.64
17759.92,3.79,17702.88,2.46,BitMart,BTC/USDT,2022-11-09T11:14:45.611Z,57.04
17762.57,2.45,17700.22,2.67,BitMart,BTC/USDT,2022-11-09T11:14:45.611Z,62.35
17732.1,0.02,17726.8,0,Gate.io,BTC/USDT,2022-11-09T11:14:55.366Z,5.3
17732.2,0.03,17722.1,0,Gate.io,BTC/USDT,2022-11-09T11:14:55.366Z,10.1
17732.5,0.03,17721.5,0.15,Gate.io,BTC/USDT,2022-11-09T11:14:55.366Z,11
17732.8,0.01,17720.7,0,Gate.io,BTC/USDT,2022-11-09T11:14:55.366Z,12.1
17734.9,0,17717.9,0.01,Gate.io,BTC/USDT,2022-11-09T11:14:55.366Z,17
17735.4,0,17716.5,0.01,Gate.io,BTC/USDT,2022-11-09T11:14:55.366Z,18.9
17735.8,0.01,17716.1,0.85,Gate.io,BTC/USDT,2022-11-09T11:14:55.366Z,19.7
17736.7,0,17715.8,0.02,Gate.io,BTC/USDT,2022-11-09T11:14:55.366Z,20.9
17737.6,0.01,17714.1,0.06,Gate.io,BTC/USDT,2022-11-09T11:14:55.366Z,23.5
17737.7,0,17713.9,0.03,Gate.io,BTC/USDT,2022-11-09T11:14:55.366Z,23.8
17738.6,0.01,17713.3,1.48,Gate.io,BTC/USDT,2022-11-09T11:14:55.366Z,25.3
17739.1,0.03,17709.3,0.01,Gate.io,BTC/USDT,2022-11-09T11:14:55.366Z,29.8
17739.3,0.01,17709,0.05,Gate.io,BTC/USDT,2022-11-09T11:14:55.366Z,30.3
17739.5,0,17708.3,0.02,Gate.io,BTC/USDT,2022-11-09T11:14:55.366Z,31.2
17739.7,0,17708.2,0,Gate.io,BTC/USDT,2022-11-09T11:14:55.366Z,31.5
17740.5,0.12,17706.8,0.01,Gate.io,BTC/USDT,2022-11-09T11:14:55.366Z,33.7
17740.7,0,17706.6,0.01,Gate.io,BTC/USDT,2022-11-09T11:14:55.366Z,34.1
17740.9,0.03,17706.2,2.19,Gate.io,BTC/USDT,2022-11-09T11:14:55.366Z,34.7
17743.1,0.01,17705.8,0,Gate.io,BTC/USDT,2022-11-09T11:14:55.366Z,37.3
17743.2,0,17705.2,0.15,Gate.io,BTC/USDT,2022-11-09T11:14:55.366Z,38
17733.95,0.14,17732.88,0.03,Bitget,BTC/USDT,2022-11-09T11:15:06.871Z,1.07
17733.96,0.26,17731.14,0.02,Bitget,BTC/USDT,2022-11-09T11:15:06.871Z,2.82
17733.97,0.1,17730.99,0.04,Bitget,BTC/USDT,2022-11-09T11:15:06.871Z,2.98
17733.98,0.32,17730.84,0.11,Bitget,BTC/USDT,2022-11-09T11:15:06.871Z,3.14
17733.99,0.11,17730.74,0.08,Bitget,BTC/USDT,2022-11-09T11:15:06.871Z,3.25
17734.15,0.06,17730.46,0.18,Bitget,BTC/USDT,2022-11-09T11:15:06.871Z,3.69
17734.16,0.07,17730.29,0.01,Bitget,BTC/USDT,2022-11-09T11:15:06.871Z,3.87
17737.45,0.01,17729.97,0.03,Bitget,BTC/USDT,2022-11-09T11:15:06.871Z,7.48
17737.6,0.01,17729.79,0.56,Bitget,BTC/USDT,2022-11-09T11:15:06.871Z,7.81
17737.75,0.01,17729.14,0.16,Bitget,BTC/USDT,2022-11-09T11:15:06.871Z,8.61
17737.85,0.2,17728.35,2.33,Bitget,BTC/USDT,2022-11-09T11:15:06.871Z,9.5
17738.05,0.23,17728.24,0.01,Bitget,BTC/USDT,2022-11-09T11:15:06.871Z,9.81
17738.15,0.36,17727.95,1.5,Bitget,BTC/USDT,2022-11-09T11:15:06.871Z,10.2
17738.2,2.8,17727.85,4.04,Bitget,BTC/USDT,2022-11-09T11:15:06.871Z,10.35
17738.25,0.37,17727.75,0.01,Bitget,BTC/USDT,2022-11-09T11:15:06.871Z,10.5
17738.31,0,17727.65,0.22,Bitget,BTC/USDT,2022-11-09T11:15:06.871Z,10.66
17738.55,0.39,17727.64,0.2,Bitget,BTC/USDT,2022-11-09T11:15:06.871Z,10.91
17738.63,0.05,17727.44,2.65,Bitget,BTC/USDT,2022-11-09T11:15:06.871Z,11.19
17738.65,0.98,17727.36,0.5,Bitget,BTC/USDT,2022-11-09T11:15:06.871Z,11.29
17738.88,0.3,17727.35,0.81,Bitget,BTC/USDT,2022-11-09T11:15:06.871Z,11.53
17711.2,0.01,17706.22,0.15,BitMart,BTC/USDT,2022-11-09T11:15:18.109Z,4.98
17711.21,0.01,17705.9,0.21,BitMart,BTC/USDT,2022-11-09T11:15:18.109Z,5.31
17713.79,0.01,17702.88,2.46,BitMart,BTC/USDT,2022-11-09T11:15:18.109Z,10.91
17717.13,0.22,17700.22,2.67,BitMart,BTC/USDT,2022-11-09T11:15:18.109Z,16.91
17717.24,0.22,17696.18,3.52,BitMart,BTC/USDT,2022-11-09T11:15:18.109Z,21.06
17717.34,0.15,17692.61,3.5,BitMart,BTC/USDT,2022-11-09T11:15:18.109Z,24.73
17717.45,0.17,17689.95,3.76,BitMart,BTC/USDT,2022-11-09T11:15:18.109Z,27.5
17717.56,0.23,17687.3,3.33,BitMart,BTC/USDT,2022-11-09T11:15:18.109Z,30.26
17717.66,0.27,17684.64,0.91,BitMart,BTC/USDT,2022-11-09T11:15:18.109Z,33.02
17717.88,0.09,17681.99,2.8,BitMart,BTC/USDT,2022-11-09T11:15:18.109Z,35.89
17720.57,1.84,17680.06,3.68,BitMart,BTC/USDT,2022-11-09T11:15:18.109Z,40.51
17723.94,3.56,17677.4,3.18,BitMart,BTC/USDT,2022-11-09T11:15:18.109Z,46.54
17726.6,1.27,17674.75,1.52,BitMart,BTC/USDT,2022-11-09T11:15:18.109Z,51.85
17730.24,3.6,17672.1,3.07,BitMart,BTC/USDT,2022-11-09T11:15:18.109Z,58.14
17732.9,0.89,17669.44,3.16,BitMart,BTC/USDT,2022-11-09T11:15:18.109Z,63.46
17734.56,3.56,17666.79,3,BitMart,BTC/USDT,2022-11-09T11:15:18.109Z,67.77
17737.22,2.05,17662.38,2.64,BitMart,BTC/USDT,2022-11-09T11:15:18.109Z,74.84
17737.91,3.71,17660.68,3.56,BitMart,BTC/USDT,2022-11-09T11:15:18.109Z,77.23
17741.12,2.82,17657.48,3.36,BitMart,BTC/USDT,2022-11-09T11:15:18.109Z,83.64
17743.23,2.15,17654.83,3.32,BitMart,BTC/USDT,2022-11-09T11:15:18.109Z,88.4
17709.8,0,17709.2,0,Gate.io,BTC/USDT,2022-11-09T11:15:29.156Z,0.6
17710.2,0.03,17706.6,0,Gate.io,BTC/USDT,2022-11-09T11:15:29.156Z,3.6
17714.8,0,17706.3,0,Gate.io,BTC/USDT,2022-11-09T11:15:29.156Z,8.5
17715.4,0.01,17705.7,0,Gate.io,BTC/USDT,2022-11-09T11:15:29.156Z,9.7
17715.5,0,17705.6,0,Gate.io,BTC/USDT,2022-11-09T11:15:29.156Z,9.9
17718.9,0.03,17704.6,0.01,Gate.io,BTC/USDT,2022-11-09T11:15:29.156Z,14.3
17719,2.07,17703.6,0,Gate.io,BTC/USDT,2022-11-09T11:15:29.156Z,15.4
17719.5,0.13,17699.9,0.01,Gate.io,BTC/USDT,2022-11-09T11:15:29.156Z,19.6
17721.5,0.06,17696.3,0.02,Gate.io,BTC/USDT,2022-11-09T11:15:29.156Z,25.2
17723.3,0,17695.9,0,Gate.io,BTC/USDT,2022-11-09T11:15:29.156Z,27.4
17723.4,0.13,17695.8,0,Gate.io,BTC/USDT,2022-11-09T11:15:29.156Z,27.6
17723.8,0.03,17695.1,0,Gate.io,BTC/USDT,2022-11-09T11:15:29.156Z,28.7
17724.8,0.04,17694.6,0.56,Gate.io,BTC/USDT,2022-11-09T11:15:29.156Z,30.2
17726,0,17694.3,0.06,Gate.io,BTC/USDT,2022-11-09T11:15:29.156Z,31.7
17726.9,0,17694.1,0.01,Gate.io,BTC/USDT,2022-11-09T11:15:29.156Z,32.8
17727.8,0.01,17693.9,0,Gate.io,BTC/USDT,2022-11-09T11:15:29.156Z,33.9
17728,0.14,17693.1,0,Gate.io,BTC/USDT,2022-11-09T11:15:29.156Z,34.9
17729.2,2.85,17692.8,0.05,Gate.io,BTC/USDT,2022-11-09T11:15:29.156Z,36.4
17729.9,0.03,17692.4,0.01,Gate.io,BTC/USDT,2022-11-09T11:15:29.156Z,37.5
17730.6,0.22,17692.2,0.03,Gate.io,BTC/USDT,2022-11-09T11:15:29.156Z,38.4
17731.64,0.43,17725.51,0.01,Bitget,BTC/USDT,2022-11-09T11:15:39.878Z,6.13
17731.79,0.7,17725.36,0.01,Bitget,BTC/USDT,2022-11-09T11:15:39.878Z,6.43
17731.94,1.85,17725.21,0.01,Bitget,BTC/USDT,2022-11-09T11:15:39.878Z,6.73
17732.24,0.01,17725.06,0.01,Bitget,BTC/USDT,2022-11-09T11:15:39.878Z,7.18
17732.34,0.01,17724.95,0.01,Bitget,BTC/USDT,2022-11-09T11:15:39.878Z,7.39
17732.94,0.01,17724.66,0.01,Bitget,BTC/USDT,2022-11-09T11:15:39.878Z,8.28
17733.12,0.17,17724.49,0.01,Bitget,BTC/USDT,2022-11-09T11:15:39.878Z,8.63
17733.28,0.48,17724.46,0.01,Bitget,BTC/USDT,2022-11-09T11:15:39.878Z,8.82
17733.34,2.2,17724.45,0.01,Bitget,BTC/USDT,2022-11-09T11:15:39.878Z,8.89
17733.44,3.75,17724.44,0.01,Bitget,BTC/USDT,2022-11-09T11:15:39.878Z,9
17733.54,0.01,17724.23,0.07,Bitget,BTC/USDT,2022-11-09T11:15:39.878Z,9.31
17733.64,0.01,17724.19,0.01,Bitget,BTC/USDT,2022-11-09T11:15:39.878Z,9.45
17733.88,0.01,17724.07,0.01,Bitget,BTC/USDT,2022-11-09T11:15:39.878Z,9.81
17734.08,0.01,17723.97,0.2,Bitget,BTC/USDT,2022-11-09T11:15:39.878Z,10.11
17734.09,0.01,17723.95,0.05,Bitget,BTC/USDT,2022-11-09T11:15:39.878Z,10.14
17734.14,0.57,17723.91,0.01,Bitget,BTC/USDT,2022-11-09T11:15:39.878Z,10.23
17734.18,0.01,17723.89,0.02,Bitget,BTC/USDT,2022-11-09T11:15:39.878Z,10.29
17734.19,0.01,17723.86,0.03,Bitget,BTC/USDT,2022-11-09T11:15:39.878Z,10.33
17734.24,2,17723.76,0.03,Bitget,BTC/USDT,2022-11-09T11:15:39.878Z,10.48
17734.31,0.2,17723.36,0.32,Bitget,BTC/USDT,2022-11-09T11:15:39.878Z,10.95
17739.41,0,17739.38,0.01,BitMart,BTC/USDT,2022-11-09T11:15:50.701Z,0.03
17739.51,0.23,17738.81,0.11,BitMart,BTC/USDT,2022-11-09T11:15:50.701Z,0.7
17739.62,0.16,17738.23,0.03,BitMart,BTC/USDT,2022-11-09T11:15:50.701Z,1.39
17739.73,0.28,17738.07,0.13,BitMart,BTC/USDT,2022-11-09T11:15:50.701Z,1.66
17739.83,0.07,17737.64,0.14,BitMart,BTC/USDT,2022-11-09T11:15:50.701Z,2.19
17740.58,0.1,17737.53,0.25,BitMart,BTC/USDT,2022-11-09T11:15:50.701Z,3.05
17740.9,0.29,17737.43,0.13,BitMart,BTC/USDT,2022-11-09T11:15:50.701Z,3.47
17741.11,0.23,17737,0.06,BitMart,BTC/USDT,2022-11-09T11:15:50.701Z,4.11
17741.22,0.26,17736.79,0.1,BitMart,BTC/USDT,2022-11-09T11:15:50.701Z,4.43
17745.52,1.87,17736.58,0.13,BitMart,BTC/USDT,2022-11-09T11:15:50.701Z,8.94
17748.18,2.2,17736.47,0.1,BitMart,BTC/USDT,2022-11-09T11:15:50.701Z,11.71
17749.08,0.85,17733.44,0.27,BitMart,BTC/USDT,2022-11-09T11:15:50.701Z,15.64
17751.73,2.63,17733.34,0.19,BitMart,BTC/USDT,2022-11-09T11:15:50.701Z,18.39
17754.81,1.23,17733.02,0.11,BitMart,BTC/USDT,2022-11-09T11:15:50.701Z,21.79
17757.28,2.72,17732.59,0.25,BitMart,BTC/USDT,2022-11-09T11:15:50.701Z,24.69
17759.92,3.79,17732.38,0.19,BitMart,BTC/USDT,2022-11-09T11:15:50.701Z,27.54
17762.57,2.45,17732.17,0.14,BitMart,BTC/USDT,2022-11-09T11:15:50.701Z,30.4
17762.73,2.66,17729.52,0.86,BitMart,BTC/USDT,2022-11-09T11:15:50.701Z,33.21
17765.81,1.9,17729.34,3.34,BitMart,BTC/USDT,2022-11-09T11:15:50.701Z,36.47
17768.46,1.07,17724.02,2,BitMart,BTC/USDT,2022-11-09T11:15:50.701Z,44.44
17753.2,0.09,17747.8,0.01,Gate.io,BTC/USDT,2022-11-09T11:16:00.552Z,5.4
17753.3,0,17747.6,0.01,Gate.io,BTC/USDT,2022-11-09T11:16:00.552Z,5.7
17754.2,0,17747,0,Gate.io,BTC/USDT,2022-11-09T11:16:00.552Z,7.2
17754.7,0.01,17746.8,0,Gate.io,BTC/USDT,2022-11-09T11:16:00.552Z,7.9
17755.2,0,17745,0.04,Gate.io,BTC/USDT,2022-11-09T11:16:00.552Z,10.2
17756.2,0,17743.5,0,Gate.io,BTC/USDT,2022-11-09T11:16:00.552Z,12.7
17757.4,0,17742.6,0.01,Gate.io,BTC/USDT,2022-11-09T11:16:00.552Z,14.8
17759.1,0.03,17742.2,0.01,Gate.io,BTC/USDT,2022-11-09T11:16:00.552Z,16.9
17760.4,0,17739,0,Gate.io,BTC/USDT,2022-11-09T11:16:00.552Z,21.4
17761.3,0,17737.5,0,Gate.io,BTC/USDT,2022-11-09T11:16:00.552Z,23.8
17762.9,0.01,17735.9,2.22,Gate.io,BTC/USDT,2022-11-09T11:16:00.552Z,27
17763.2,0,17735.7,0,Gate.io,BTC/USDT,2022-11-09T11:16:00.552Z,27.5
17763.9,0.01,17735.5,0.03,Gate.io,BTC/USDT,2022-11-09T11:16:00.552Z,28.4
17764.2,0,17735.3,0.01,Gate.io,BTC/USDT,2022-11-09T11:16:00.552Z,28.9
17764.6,0.12,17734.1,0.01,Gate.io,BTC/USDT,2022-11-09T11:16:00.552Z,30.5
17764.9,0,17733.7,1.42,Gate.io,BTC/USDT,2022-11-09T11:16:00.552Z,31.2
17765.2,0,17733.6,1,Gate.io,BTC/USDT,2022-11-09T11:16:00.552Z,31.6
17765.4,0.01,17732.2,0,Gate.io,BTC/USDT,2022-11-09T11:16:00.552Z,33.2
17765.6,0.01,17729.7,0.2,Gate.io,BTC/USDT,2022-11-09T11:16:00.552Z,35.9
17765.9,0,17729.5,0.06,Gate.io,BTC/USDT,2022-11-09T11:16:00.552Z,36.4
17761.46,0.01,17757.89,0.04,Bitget,BTC/USDT,2022-11-09T11:16:11.954Z,3.57
17763.36,0.01,17757.74,0.08,Bitget,BTC/USDT,2022-11-09T11:16:11.954Z,5.62
17763.5,0.5,17757.66,0.13,Bitget,BTC/USDT,2022-11-09T11:16:11.954Z,5.84
17763.98,1.45,17757.63,0.1,Bitget,BTC/USDT,2022-11-09T11:16:11.954Z,6.35
17764.36,0.01,17757.61,1.35,Bitget,BTC/USDT,2022-11-09T11:16:11.954Z,6.75
17764.56,0.01,17757.6,0.54,Bitget,BTC/USDT,2022-11-09T11:16:11.954Z,6.96
17764.68,0.07,17757.59,0.22,Bitget,BTC/USDT,2022-11-09T11:16:11.954Z,7.09
17764.85,0.5,17755.65,0.22,Bitget,BTC/USDT,2022-11-09T11:16:11.954Z,9.2
17764.88,0.03,17755.63,0.18,Bitget,BTC/USDT,2022-11-09T11:16:11.954Z,9.25
17765.03,1,17755.49,0,Bitget,BTC/USDT,2022-11-09T11:16:11.954Z,9.54
17765.05,0.08,17755.35,0.01,Bitget,BTC/USDT,2022-11-09T11:16:11.954Z,9.7
17765.26,0.17,17755.34,0.48,Bitget,BTC/USDT,2022-11-09T11:16:11.954Z,9.92
17765.27,3.15,17755.33,0.04,Bitget,BTC/USDT,2022-11-09T11:16:11.954Z,9.94
17765.31,0.01,17755.28,0.01,Bitget,BTC/USDT,2022-11-09T11:16:11.954Z,10.03
17765.32,0.03,17755.21,0.01,Bitget,BTC/USDT,2022-11-09T11:16:11.954Z,10.11
17765.36,0.41,17755.1,0.06,Bitget,BTC/USDT,2022-11-09T11:16:11.954Z,10.26
17765.37,0.33,17755.03,0.01,Bitget,BTC/USDT,2022-11-09T11:16:11.954Z,10.34
17765.46,0.4,17754.63,0.84,Bitget,BTC/USDT,2022-11-09T11:16:11.954Z,10.83
17765.76,0.29,17753.47,0.06,Bitget,BTC/USDT,2022-11-09T11:16:11.954Z,12.29
17765.86,0.8,17753.46,0.01,Bitget,BTC/USDT,2022-11-09T11:16:11.954Z,12.4
17767.11,0.01,17765.36,0,BitMart,BTC/USDT,2022-11-09T11:16:22.681Z,1.75
17769.12,0.26,17763.47,0.29,BitMart,BTC/USDT,2022-11-09T11:16:22.681Z,5.65
17769.4,2.51,17763.07,0,BitMart,BTC/USDT,2022-11-09T11:16:22.681Z,6.33
17769.65,0.11,17762.57,0.01,BitMart,BTC/USDT,2022-11-09T11:16:22.681Z,7.08
17771.64,0.29,17760.86,0.1,BitMart,BTC/USDT,2022-11-09T11:16:22.681Z,10.78
17771.75,0.26,17760.27,1.57,BitMart,BTC/USDT,2022-11-09T11:16:22.681Z,11.48
17771.86,0.23,17759.79,0.19,BitMart,BTC/USDT,2022-11-09T11:16:22.681Z,12.07
17771.96,0.23,17759.68,0.1,BitMart,BTC/USDT,2022-11-09T11:16:22.681Z,12.28
17772.07,1.97,17759.58,0.14,BitMart,BTC/USDT,2022-11-09T11:16:22.681Z,12.49
17772.18,0.24,17759.26,0.21,BitMart,BTC/USDT,2022-11-09T11:16:22.681Z,12.92
17772.28,0.2,17757.61,2.05,BitMart,BTC/USDT,2022-11-09T11:16:22.681Z,14.67
17777.32,1.88,17754.94,2.11,BitMart,BTC/USDT,2022-11-09T11:16:22.681Z,22.38
17779.98,0.94,17750.24,2.57,BitMart,BTC/USDT,2022-11-09T11:16:22.681Z,29.74
17782.63,2.15,17747.93,2.25,BitMart,BTC/USDT,2022-11-09T11:16:22.681Z,34.7
17783.85,1.2,17745.37,3.04,BitMart,BTC/USDT,2022-11-09T11:16:22.681Z,38.48
17786.5,2.69,17742.71,0.9,BitMart,BTC/USDT,2022-11-09T11:16:22.681Z,43.79
17787.94,3.05,17739.98,2.01,BitMart,BTC/USDT,2022-11-09T11:16:22.681Z,47.96
17790.59,1.74,17737.32,3.4,BitMart,BTC/USDT,2022-11-09T11:16:22.681Z,53.27
17793.24,3.13,17734.66,0.99,BitMart,BTC/USDT,2022-11-09T11:16:22.681Z,58.58
17795.9,1.88,17733.7,3.28,BitMart,BTC/USDT,2022-11-09T11:16:22.681Z,62.2
17744.4,0.01,17738.6,0.03,Gate.io,BTC/USDT,2022-11-09T11:16:32.721Z,5.8
17744.6,0,17738.5,0,Gate.io,BTC/USDT,2022-11-09T11:16:32.721Z,6.1
17745.6,0,17737.9,0,Gate.io,BTC/USDT,2022-11-09T11:16:32.721Z,7.7
17750.2,0.03,17736.7,0,Gate.io,BTC/USDT,2022-11-09T11:16:32.721Z,13.5
17750.4,0,17736.4,0,Gate.io,BTC/USDT,2022-11-09T11:16:32.721Z,14
17751.4,0,17736.2,0,Gate.io,BTC/USDT,2022-11-09T11:16:32.721Z,15.2
17752.4,0.01,17735.5,0,Gate.io,BTC/USDT,2022-11-09T11:16:32.721Z,16.9
17752.6,0.01,17734.5,0.01,Gate.io,BTC/USDT,2022-11-09T11:16:32.721Z,18.1
17752.9,0,17733.5,0,Gate.io,BTC/USDT,2022-11-09T11:16:32.721Z,19.4
17754.3,0.03,17732.5,0,Gate.io,BTC/USDT,2022-11-09T11:16:32.721Z,21.8
17754.4,0.02,17730.5,0,Gate.io,BTC/USDT,2022-11-09T11:16:32.721Z,23.9
17754.5,0.09,17730,0.04,Gate.io,BTC/USDT,2022-11-09T11:16:32.721Z,24.5
17754.6,0.06,17729.1,0.01,Gate.io,BTC/USDT,2022-11-09T11:16:32.721Z,25.5
17756.3,0.01,17726.8,0.03,Gate.io,BTC/USDT,2022-11-09T11:16:32.721Z,29.5
17756.6,0,17726.5,0,Gate.io,BTC/USDT,2022-11-09T11:16:32.721Z,30.1
17756.7,0.03,17725.5,0,Gate.io,BTC/USDT,2022-11-09T11:16:32.721Z,31.2
17756.8,2.12,17724.5,0.01,Gate.io,BTC/USDT,2022-11-09T11:16:32.721Z,32.3
17758.7,0.01,17724.3,0,Gate.io,BTC/USDT,2022-11-09T11:16:32.721Z,34.4
17759.6,0.03,17724.1,0.02,Gate.io,BTC/USDT,2022-11-09T11:16:32.721Z,35.5
17760.2,0.18,17723.5,0,Gate.io,BTC/USDT,2022-11-09T11:16:32.721Z,36.7
17751.54,0.36,17748.08,0.11,Bitget,BTC/USDT,2022-11-09T11:16:44.031Z,3.46
17755.11,0.01,17747.93,0.2,Bitget,BTC/USDT,2022-11-09T11:16:44.031Z,7.18
17755.26,0.01,17747.78,0.32,Bitget,BTC/USDT,2022-11-09T11:16:44.031Z,7.48
17755.41,0.01,17747.63,0.85,Bitget,BTC/USDT,2022-11-09T11:16:44.031Z,7.78
17755.56,0.01,17747.48,2.24,Bitget,BTC/USDT,2022-11-09T11:16:44.031Z,8.08
17755.66,0.15,17747.47,0.2,Bitget,BTC/USDT,2022-11-09T11:16:44.031Z,8.19
17755.76,0.36,17747.23,0.02,Bitget,BTC/USDT,2022-11-09T11:16:44.031Z,8.53
17756.37,0.2,17747.04,0.01,Bitget,BTC/USDT,2022-11-09T11:16:44.031Z,9.33
17756.38,0.1,17747.03,0.33,Bitget,BTC/USDT,2022-11-09T11:16:44.031Z,9.35
17756.42,0.1,17746.97,0.01,Bitget,BTC/USDT,2022-11-09T11:16:44.031Z,9.45
17756.43,0.17,17746.73,0.02,Bitget,BTC/USDT,2022-11-09T11:16:44.031Z,9.7
17756.78,0.07,17746.72,0.04,Bitget,BTC/USDT,2022-11-09T11:16:44.031Z,10.06
17757.06,0.18,17746.71,0.02,Bitget,BTC/USDT,2022-11-09T11:16:44.031Z,10.35
17757.26,0.2,17746.69,1.7,Bitget,BTC/USDT,2022-11-09T11:16:44.031Z,10.57
17757.36,0.4,17746.68,2.49,Bitget,BTC/USDT,2022-11-09T11:16:44.031Z,10.68
17757.44,0.01,17746.66,0.31,Bitget,BTC/USDT,2022-11-09T11:16:44.031Z,10.78
17757.51,0.14,17746.64,0.06,Bitget,BTC/USDT,2022-11-09T11:16:44.031Z,10.87
17757.54,0.01,17746.62,0.01,Bitget,BTC/USDT,2022-11-09T11:16:44.031Z,10.92
17757.56,0.71,17746.55,0.01,Bitget,BTC/USDT,2022-11-09T11:16:44.031Z,11.01
17757.8,0.01,17746.53,0.01,Bitget,BTC/USDT,2022-11-09T11:16:44.031Z,11.27
17733.53,0.14,17732.98,0,BitMart,BTC/USDT,2022-11-09T11:16:55.221Z,0.55
17733.57,0,17732.1,0.2,BitMart,BTC/USDT,2022-11-09T11:16:55.221Z,1.47
17734.27,0.07,17731.99,0.1,BitMart,BTC/USDT,2022-11-09T11:16:55.221Z,2.28
17734.38,0.27,17731.59,0.02,BitMart,BTC/USDT,2022-11-09T11:16:55.221Z,2.79
17734.48,0.25,17731.48,0.03,BitMart,BTC/USDT,2022-11-09T11:16:55.221Z,3
17734.59,0.15,17724.02,2,BitMart,BTC/USDT,2022-11-09T11:16:55.221Z,10.57
17741.29,2.92,17723.56,0.88,BitMart,BTC/USDT,2022-11-09T11:16:55.221Z,17.73
17743.7,0.29,17720.9,2.82,BitMart,BTC/USDT,2022-11-09T11:16:55.221Z,22.8
17744.45,0.19,17718.88,1.29,BitMart,BTC/USDT,2022-11-09T11:16:55.221Z,25.57
17744.55,0.24,17716.22,2.77,BitMart,BTC/USDT,2022-11-09T11:16:55.221Z,28.33
17744.66,0.16,17715.76,1.97,BitMart,BTC/USDT,2022-11-09T11:16:55.221Z,28.9
17744.77,0.11,17713.1,2.45,BitMart,BTC/USDT,2022-11-09T11:16:55.221Z,31.67
17744.87,0.1,17710.44,1.13,BitMart,BTC/USDT,2022-11-09T11:16:55.221Z,34.43
17744.98,0.17,17705.74,3.34,BitMart,BTC/USDT,2022-11-09T11:16:55.221Z,39.24
17745.19,0.29,17703.08,3.46,BitMart,BTC/USDT,2022-11-09T11:16:55.221Z,42.11
17745.3,0.21,17700.42,3.45,BitMart,BTC/USDT,2022-11-09T11:16:55.221Z,44.88
17745.41,0.07,17696.65,1.51,BitMart,BTC/USDT,2022-11-09T11:16:55.221Z,48.76
17745.62,0.12,17692.61,3.5,BitMart,BTC/USDT,2022-11-09T11:16:55.221Z,53.01
17745.83,0.15,17689.95,3.76,BitMart,BTC/USDT,2022-11-09T11:16:55.221Z,55.88
17748.23,1.85,17687.3,3.33,BitMart,BTC/USDT,2022-11-09T11:16:55.221Z,60.93
17735.5,0.08,17735.4,0,Gate.io,BTC/USDT,2022-11-09T11:17:07.673Z,0.1
17735.6,0.03,17729.4,0,Gate.io,BTC/USDT,2022-11-09T11:17:07.673Z,6.2
17736.3,0.03,17729.3,0,Gate.io,BTC/USDT,2022-11-09T11:17:07.673Z,7
17736.5,1.64,17729.2,0,Gate.io,BTC/USDT,2022-11-09T11:17:07.673Z,7.3
17736.7,0,17728.7,0.01,Gate.io,BTC/USDT,2022-11-09T11:17:07.673Z,8
17737,0,17728.3,0,Gate.io,BTC/USDT,2022-11-09T11:17:07.673Z,8.7
17738.4,0,17728.2,0.01,Gate.io,BTC/USDT,2022-11-09T11:17:07.673Z,10.2
17742.2,0.03,17726.8,0,Gate.io,BTC/USDT,2022-11-09T11:17:07.673Z,15.4
17742.5,0.12,17723.7,0.03,Gate.io,BTC/USDT,2022-11-09T11:17:07.673Z,18.8
17744.8,0,17723.6,0,Gate.io,BTC/USDT,2022-11-09T11:17:07.673Z,21.2
17745,0,17723.4,0,Gate.io,BTC/USDT,2022-11-09T11:17:07.673Z,21.6
17745.6,0.06,17723.3,0.01,Gate.io,BTC/USDT,2022-11-09T11:17:07.673Z,22.3
17749.2,0.04,17723.2,0.02,Gate.io,BTC/USDT,2022-11-09T11:17:07.673Z,26
17751.8,0.2,17721.6,0,Gate.io,BTC/USDT,2022-11-09T11:17:07.673Z,30.2
17752.9,0.56,17721.5,0.01,Gate.io,BTC/USDT,2022-11-09T11:17:07.673Z,31.4
17753.7,0.03,17720.6,0,Gate.io,BTC/USDT,2022-11-09T11:17:07.673Z,33.1
17753.9,0.04,17720.1,0.02,Gate.io,BTC/USDT,2022-11-09T11:17:07.673Z,33.8
17755,0.03,17719.1,0.03,Gate.io,BTC/USDT,2022-11-09T11:17:07.673Z,35.9
17758.4,1.42,17718.9,0.68,Gate.io,BTC/USDT,2022-11-09T11:17:07.673Z,39.5
17759,0,17717.6,0,Gate.io,BTC/USDT,2022-11-09T11:17:07.673Z,41.4
17723.74,0.02,17722.7,0.1,Bitget,BTC/USDT,2022-11-09T11:17:18.700Z,1.04
17727.71,0.4,17722.13,0.16,Bitget,BTC/USDT,2022-11-09T11:17:18.700Z,5.58
17727.86,0.66,17722.12,0.12,Bitget,BTC/USDT,2022-11-09T11:17:18.700Z,5.74
17727.94,4.7,17721.51,0.23,Bitget,BTC/USDT,2022-11-09T11:17:18.700Z,6.43
17728.34,0.01,17721.36,0.38,Bitget,BTC/USDT,2022-11-09T11:17:18.700Z,6.98
17728.35,0.01,17721.14,0.02,Bitget,BTC/USDT,2022-11-09T11:17:18.700Z,7.21
17728.44,0.18,17721.1,0.9,Bitget,BTC/USDT,2022-11-09T11:17:18.700Z,7.34
17728.48,0.01,17721.09,0.01,Bitget,BTC/USDT,2022-11-09T11:17:18.700Z,7.39
17728.49,0.03,17720.97,0.01,Bitget,BTC/USDT,2022-11-09T11:17:18.700Z,7.52
17728.64,0.2,17720.81,0.1,Bitget,BTC/USDT,2022-11-09T11:17:18.700Z,7.83
17728.67,0.01,17720.8,0.19,Bitget,BTC/USDT,2022-11-09T11:17:18.700Z,7.87
17728.94,5.05,17720.79,0.08,Bitget,BTC/USDT,2022-11-09T11:17:18.700Z,8.15
17729.31,0.01,17720.67,0.01,Bitget,BTC/USDT,2022-11-09T11:17:18.700Z,8.64
17729.64,0.18,17720.61,0.06,Bitget,BTC/USDT,2022-11-09T11:17:18.700Z,9.03
17729.74,0.1,17720.2,0.2,Bitget,BTC/USDT,2022-11-09T11:17:18.700Z,9.54
17729.82,0.02,17720.06,0.32,Bitget,BTC/USDT,2022-11-09T11:17:18.700Z,9.76
17729.84,0.01,17719.92,0.06,Bitget,BTC/USDT,2022-11-09T11:17:18.700Z,9.92
17729.94,0.01,17719.91,0.05,Bitget,BTC/USDT,2022-11-09T11:17:18.700Z,10.03
17729.95,0.01,17719.59,0.5,Bitget,BTC/USDT,2022-11-09T11:17:18.700Z,10.36
17729.96,0.39,17719.58,0.84,Bitget,BTC/USDT,2022-11-09T11:17:18.700Z,10.38
17718.55,0.07,17718.39,0.01,BitMart,BTC/USDT,2022-11-09T11:17:29.960Z,0.16
17718.97,0.01,17717.58,0.01,BitMart,BTC/USDT,2022-11-09T11:17:29.960Z,1.39
17719.08,0.21,17717.22,0.26,BitMart,BTC/USDT,2022-11-09T11:17:29.960Z,1.86
17719.19,0.2,17717.16,0.02,BitMart,BTC/USDT,2022-11-09T11:17:29.960Z,2.03
17719.3,0.21,17717,0.09,BitMart,BTC/USDT,2022-11-09T11:17:29.960Z,2.3
17719.54,0.09,17715.44,0.28,BitMart,BTC/USDT,2022-11-09T11:17:29.960Z,4.1
17720.15,0.03,17715.34,0.26,BitMart,BTC/USDT,2022-11-09T11:17:29.960Z,4.81
17720.49,0.25,17715.23,0.11,BitMart,BTC/USDT,2022-11-09T11:17:29.960Z,5.26
17720.71,0.07,17715.12,0.16,BitMart,BTC/USDT,2022-11-09T11:17:29.960Z,5.59
17720.81,0.09,17714.81,0.08,BitMart,BTC/USDT,2022-11-09T11:17:29.960Z,6
17721.13,0.14,17714.38,0.22,BitMart,BTC/USDT,2022-11-09T11:17:29.960Z,6.75
17722.83,0.24,17713.96,0.11,BitMart,BTC/USDT,2022-11-09T11:17:29.960Z,8.87
17727.92,2.12,17713.85,0.07,BitMart,BTC/USDT,2022-11-09T11:17:29.960Z,14.07
17730.92,2.68,17710.79,0.97,BitMart,BTC/USDT,2022-11-09T11:17:29.960Z,20.13
17733.58,3.07,17705.74,3.34,BitMart,BTC/USDT,2022-11-09T11:17:29.960Z,27.84
17737.56,2.13,17703.08,3.46,BitMart,BTC/USDT,2022-11-09T11:17:29.960Z,34.48
17740.22,2.35,17700.42,3.45,BitMart,BTC/USDT,2022-11-09T11:17:29.960Z,39.8
17742.42,1.15,17696.65,1.51,BitMart,BTC/USDT,2022-11-09T11:17:29.960Z,45.77
17745.08,3.54,17692.61,3.5,BitMart,BTC/USDT,2022-11-09T11:17:29.960Z,52.47
17745.38,3.74,17689.95,3.76,BitMart,BTC/USDT,2022-11-09T11:17:29.960Z,55.43
17719.5,0.06,17716.2,0.06,Gate.io,BTC/USDT,2022-11-09T11:17:40.914Z,3.3
17719.6,0.06,17716,0,Gate.io,BTC/USDT,2022-11-09T11:17:40.914Z,3.6
17719.7,0,17713,0,Gate.io,BTC/USDT,2022-11-09T11:17:40.914Z,6.7
17720.4,0,17712.8,0.01,Gate.io,BTC/USDT,2022-11-09T11:17:40.914Z,7.6
17720.6,0.01,17712.7,0,Gate.io,BTC/USDT,2022-11-09T11:17:40.914Z,7.9
17722.8,0,17711.8,0,Gate.io,BTC/USDT,2022-11-09T11:17:40.914Z,11
17723.2,0,17710.8,0,Gate.io,BTC/USDT,2022-11-09T11:17:40.914Z,12.4
17723.3,0.01,17710.7,0.01,Gate.io,BTC/USDT,2022-11-09T11:17:40.914Z,12.6
17724.2,0,17710.5,0,Gate.io,BTC/USDT,2022-11-09T11:17:40.914Z,13.7
17724.5,0,17709.8,0,Gate.io,BTC/USDT,2022-11-09T11:17:40.914Z,14.7
17724.7,2.07,17709.5,0,Gate.io,BTC/USDT,2022-11-09T11:17:40.914Z,15.2
17725.7,0.03,17708.5,0,Gate.io,BTC/USDT,2022-11-09T11:17:40.914Z,17.2
17726.2,0,17707.5,0,Gate.io,BTC/USDT,2022-11-09T11:17:40.914Z,18.7
17726.6,0.03,17707,0,Gate.io,BTC/USDT,2022-11-09T11:17:40.914Z,19.6
17727.1,0.09,17703.7,0.02,Gate.io,BTC/USDT,2022-11-09T11:17:40.914Z,23.4
17729.5,0.09,17702.6,0.03,Gate.io,BTC/USDT,2022-11-09T11:17:40.914Z,26.9
17729.7,0.01,17702.3,0.06,Gate.io,BTC/USDT,2022-11-09T11:17:40.914Z,27.4
17730.5,0.01,17701.7,0.03,Gate.io,BTC/USDT,2022-11-09T11:17:40.914Z,28.8
17730.7,0,17701.5,0.2,Gate.io,BTC/USDT,2022-11-09T11:17:40.914Z,29.2
17731.9,0.02,17700.9,0,Gate.io,BTC/USDT,2022-11-09T11:17:40.914Z,31
17720.04,0.1,17714.88,0.38,Bitget,BTC/USDT,2022-11-09T11:17:51.815Z,5.16
17720.55,0.09,17714.83,0.1,Bitget,BTC/USDT,2022-11-09T11:17:51.815Z,5.72
17720.66,0.23,17714.8,0.13,Bitget,BTC/USDT,2022-11-09T11:17:51.815Z,5.86
17720.94,0.01,17714.78,0.01,Bitget,BTC/USDT,2022-11-09T11:17:51.815Z,6.16
17722.54,0.01,17714.7,0.01,Bitget,BTC/USDT,2022-11-09T11:17:51.815Z,7.84
17722.74,0.01,17714.53,0.01,Bitget,BTC/USDT,2022-11-09T11:17:51.815Z,8.21
17722.94,0.02,17714.38,0.01,Bitget,BTC/USDT,2022-11-09T11:17:51.815Z,8.56
17723.24,0.01,17714.33,0.1,Bitget,BTC/USDT,2022-11-09T11:17:51.815Z,8.91
17723.34,0.2,17714.31,0.26,Bitget,BTC/USDT,2022-11-09T11:17:51.815Z,9.03
17723.44,0.02,17714.3,0.66,Bitget,BTC/USDT,2022-11-09T11:17:51.815Z,9.14
17723.57,0.01,17714.24,0.24,Bitget,BTC/USDT,2022-11-09T11:17:51.815Z,9.33
17723.58,0.84,17714.21,0.06,Bitget,BTC/USDT,2022-11-09T11:17:51.815Z,9.37
17723.6,1,17713.24,0.33,Bitget,BTC/USDT,2022-11-09T11:17:51.815Z,10.36
17723.94,0.01,17713.16,0.79,Bitget,BTC/USDT,2022-11-09T11:17:51.815Z,10.78
17724.09,0.08,17713.13,1.91,Bitget,BTC/USDT,2022-11-09T11:17:51.815Z,10.96
17724.36,0.02,17713.06,0.64,Bitget,BTC/USDT,2022-11-09T11:17:51.815Z,11.3
17724.59,0.2,17713.05,0.64,Bitget,BTC/USDT,2022-11-09T11:17:51.815Z,11.54
17724.73,0.01,17713.03,0.01,Bitget,BTC/USDT,2022-11-09T11:17:51.815Z,11.7
17724.75,2.38,17712.86,0.01,Bitget,BTC/USDT,2022-11-09T11:17:51.815Z,11.89
17724.76,0.02,17712.37,0.2,Bitget,BTC/USDT,2022-11-09T11:17:51.815Z,12.39
17721.34,0,17721.32,0,BitMart,BTC/USDT,2022-11-09T11:18:02.556Z,0.02
17721.92,0.01,17718.81,0.11,BitMart,BTC/USDT,2022-11-09T11:18:02.556Z,3.11
17721.96,0.3,17718.7,0.28,BitMart,BTC/USDT,2022-11-09T11:18:02.556Z,3.26
17722.18,0.11,17718.6,0.07,BitMart,BTC/USDT,2022-11-09T11:18:02.556Z,3.58
17722.49,0.09,17718.49,0.22,BitMart,BTC/USDT,2022-11-09T11:18:02.556Z,4
17722.71,0.26,17718.38,0.27,BitMart,BTC/USDT,2022-11-09T11:18:02.556Z,4.33
17722.92,0.12,17718.28,0.23,BitMart,BTC/USDT,2022-11-09T11:18:02.556Z,4.64
17723.31,0.14,17718.17,0.3,BitMart,BTC/USDT,2022-11-09T11:18:02.556Z,5.14
17723.66,0.16,17718.06,0.09,BitMart,BTC/USDT,2022-11-09T11:18:02.556Z,5.6
17723.77,0.16,17717.96,0.15,BitMart,BTC/USDT,2022-11-09T11:18:02.556Z,5.81
17724.17,0.14,17717.85,0.28,BitMart,BTC/USDT,2022-11-09T11:18:02.556Z,6.32
17725.02,0.28,17713.11,0.86,BitMart,BTC/USDT,2022-11-09T11:18:02.556Z,11.91
17731.25,0.98,17708.42,2.45,BitMart,BTC/USDT,2022-11-09T11:18:02.556Z,22.83
17731.28,1.75,17705.77,2.79,BitMart,BTC/USDT,2022-11-09T11:18:02.556Z,25.51
17734.27,1.46,17703.11,0.96,BitMart,BTC/USDT,2022-11-09T11:18:02.556Z,31.16
17737.56,2.13,17700.42,3.45,BitMart,BTC/USDT,2022-11-09T11:18:02.556Z,37.14
17740.22,2.35,17696.65,1.51,BitMart,BTC/USDT,2022-11-09T11:18:02.556Z,43.57
17742.42,1.15,17692.61,3.5,BitMart,BTC/USDT,2022-11-09T11:18:02.556Z,49.81
17745.08,3.54,17689.95,3.76,BitMart,BTC/USDT,2022-11-09T11:18:02.556Z,55.13
17745.38,3.74,17687.3,3.33,BitMart,BTC/USDT,2022-11-09T11:18:02.556Z,58.08
17729.9,0,17726.5,0,Gate.io,BTC/USDT,2022-11-09T11:18:13.486Z,3.4
17733.1,0.03,17726.3,0,Gate.io,BTC/USDT,2022-11-09T11:18:13.486Z,6.8
17733.2,0,17726.1,0.01,Gate.io,BTC/USDT,2022-11-09T11:18:13.486Z,7.1
17733.8,0.01,17726,0.01,Gate.io,BTC/USDT,2022-11-09T11:18:13.486Z,7.8
17734.2,0,17725.9,0.03,Gate.io,BTC/USDT,2022-11-09T11:18:13.486Z,8.3
17734.7,0.01,17725.5,0,Gate.io,BTC/USDT,2022-11-09T11:18:13.486Z,9.2
17735.2,0,17725.2,0.02,Gate.io,BTC/USDT,2022-11-09T11:18:13.486Z,10
17735.7,0.01,17723.8,0.02,Gate.io,BTC/USDT,2022-11-09T11:18:13.486Z,11.9
17736.2,0,17723.1,0,Gate.io,BTC/USDT,2022-11-09T11:18:13.486Z,13.1
17737.2,0,17720.1,0,Gate.io,BTC/USDT,2022-11-09T11:18:13.486Z,17.1
17737.4,0,17719.8,0.05,Gate.io,BTC/USDT,2022-11-09T11:18:13.486Z,17.6
17738.4,0.09,17718.8,0.05,Gate.io,BTC/USDT,2022-11-09T11:18:13.486Z,19.6
17739,0.04,17716.7,0.01,Gate.io,BTC/USDT,2022-11-09T11:18:13.486Z,22.3
17739.3,0.09,17714.2,0.02,Gate.io,BTC/USDT,2022-11-09T11:18:13.486Z,25.1
17741.8,0.01,17713.6,0.06,Gate.io,BTC/USDT,2022-11-09T11:18:13.486Z,28.2
17742.7,0.01,17710.9,0.64,Gate.io,BTC/USDT,2022-11-09T11:18:13.486Z,31.8
17742.8,0.01,17710.8,0.23,Gate.io,BTC/USDT,2022-11-09T11:18:13.486Z,32
17743.6,0.03,17707.6,0.03,Gate.io,BTC/USDT,2022-11-09T11:18:13.486Z,36
17743.8,0.06,17707,0,Gate.io,BTC/USDT,2022-11-09T11:18:13.486Z,36.8
17743.9,0,17705.7,1.42,Gate.io,BTC/USDT,2022-11-09T11:18:13.486Z,38.2
17737.51,0.15,17736.43,0.06,Bitget,BTC/USDT,2022-11-09T11:18:24.113Z,1.08
17737.94,0.1,17736.39,0.1,Bitget,BTC/USDT,2022-11-09T11:18:24.113Z,1.55
17737.98,0.12,17734.61,0.05,Bitget,BTC/USDT,2022-11-09T11:18:24.113Z,3.37
17738.03,0.12,17732.9,0.01,Bitget,BTC/USDT,2022-11-09T11:18:24.113Z,5.13
17738.05,0.13,17732.75,0.01,Bitget,BTC/USDT,2022-11-09T11:18:24.113Z,5.3
17739.8,0.04,17732.6,0.01,Bitget,BTC/USDT,2022-11-09T11:18:24.113Z,7.2
17739.95,0.06,17732.45,0.01,Bitget,BTC/USDT,2022-11-09T11:18:24.113Z,7.5
17740.1,0.16,17732.24,0.57,Bitget,BTC/USDT,2022-11-09T11:18:24.113Z,7.86
17740.25,0.42,17732.21,0.84,Bitget,BTC/USDT,2022-11-09T11:18:24.113Z,8.04
17740.35,0.24,17730.75,0.01,Bitget,BTC/USDT,2022-11-09T11:18:24.113Z,9.6
17740.41,0.25,17730.65,0.22,Bitget,BTC/USDT,2022-11-09T11:18:24.113Z,9.76
17740.65,0.17,17730.55,0.01,Bitget,BTC/USDT,2022-11-09T11:18:24.113Z,10.1
17740.75,0.24,17730.45,0.01,Bitget,BTC/USDT,2022-11-09T11:18:24.113Z,10.3
17740.95,0.09,17730.3,0.5,Bitget,BTC/USDT,2022-11-09T11:18:24.113Z,10.65
17741.36,0.01,17730.29,0.58,Bitget,BTC/USDT,2022-11-09T11:18:24.113Z,11.07
17741.53,0.03,17730.28,0.01,Bitget,BTC/USDT,2022-11-09T11:18:24.113Z,11.25
17741.55,0.24,17730.27,0.07,Bitget,BTC/USDT,2022-11-09T11:18:24.113Z,11.28
17741.65,0.24,17730.25,0.84,Bitget,BTC/USDT,2022-11-09T11:18:24.113Z,11.4
17741.95,0.05,17729.96,0.01,Bitget,BTC/USDT,2022-11-09T11:18:24.113Z,11.99
17741.97,0.01,17729.85,0.08,Bitget,BTC/USDT,2022-11-09T11:18:24.113Z,12.12
17722.95,0.13,17722.83,0.12,BitMart,BTC/USDT,2022-11-09T11:18:34.827Z,0.12
17723.27,0.25,17722.55,0.02,BitMart,BTC/USDT,2022-11-09T11:18:34.827Z,0.72
17723.37,0.19,17722.41,0.26,BitMart,BTC/USDT,2022-11-09T11:18:34.827Z,0.96
17723.59,0.12,17722.31,0,BitMart,BTC/USDT,2022-11-09T11:18:34.827Z,1.28
17723.69,0.29,17721.87,0.1,BitMart,BTC/USDT,2022-11-09T11:18:34.827Z,1.82
17723.8,0.07,17721.77,0.17,BitMart,BTC/USDT,2022-11-09T11:18:34.827Z,2.03
17723.9,0.03,17721.66,0.3,BitMart,BTC/USDT,2022-11-09T11:18:34.827Z,2.24
17724.12,0.27,17721.56,0.12,BitMart,BTC/USDT,2022-11-09T11:18:34.827Z,2.56
17724.54,0.13,17720,0,BitMart,BTC/USDT,2022-11-09T11:18:34.827Z,4.54
17724.65,0.07,17719.96,0.1,BitMart,BTC/USDT,2022-11-09T11:18:34.827Z,4.69
17724.76,0.14,17713.11,0.86,BitMart,BTC/USDT,2022-11-09T11:18:34.827Z,11.65
17728.02,0.29,17708.42,2.45,BitMart,BTC/USDT,2022-11-09T11:18:34.827Z,19.6
17729.4,2.3,17705.77,2.79,BitMart,BTC/USDT,2022-11-09T11:18:34.827Z,23.63
17731.8,3.25,17703.11,0.96,BitMart,BTC/USDT,2022-11-09T11:18:34.827Z,28.69
17734.46,2.33,17700.42,3.45,BitMart,BTC/USDT,2022-11-09T11:18:34.827Z,34.04
17735.68,3.66,17696.65,1.51,BitMart,BTC/USDT,2022-11-09T11:18:34.827Z,39.03
17738.64,1.05,17692.61,3.5,BitMart,BTC/USDT,2022-11-09T11:18:34.827Z,46.03
17741.3,1.66,17689.95,3.76,BitMart,BTC/USDT,2022-11-09T11:18:34.827Z,51.35
17745.08,3.54,17687.3,3.33,BitMart,BTC/USDT,2022-11-09T11:18:34.827Z,57.78
17745.38,3.74,17684.64,0.91,BitMart,BTC/USDT,2022-11-09T11:18:34.827Z,60.74
17726.4,0.03,17721.2,0,Gate.io,BTC/USDT,2022-11-09T11:18:46.106Z,5.2
17726.5,0.02,17721.1,0.03,Gate.io,BTC/USDT,2022-11-09T11:18:46.106Z,5.4
17726.7,0,17720.8,0,Gate.io,BTC/USDT,2022-11-09T11:18:46.106Z,5.9
17727.4,0,17720.3,0,Gate.io,BTC/USDT,2022-11-09T11:18:46.106Z,7.1
17727.7,0,17720.1,0.01,Gate.io,BTC/USDT,2022-11-09T11:18:46.106Z,7.6
17728.2,0,17716.1,0.01,Gate.io,BTC/USDT,2022-11-09T11:18:46.106Z,12.1
17728.7,0,17715.9,0,Gate.io,BTC/USDT,2022-11-09T11:18:46.106Z,12.8
17729,0,17715.3,0,Gate.io,BTC/USDT,2022-11-09T11:18:46.106Z,13.7
17729.2,0,17709.7,0.04,Gate.io,BTC/USDT,2022-11-09T11:18:46.106Z,19.5
17729.7,0.01,17709.5,0.72,Gate.io,BTC/USDT,2022-11-09T11:18:46.106Z,20.2
17730,0.01,17709.3,0.01,Gate.io,BTC/USDT,2022-11-09T11:18:46.106Z,20.7
17730.1,0.01,17709.2,0.08,Gate.io,BTC/USDT,2022-11-09T11:18:46.106Z,20.9
17733.5,0.14,17708.7,0.01,Gate.io,BTC/USDT,2022-11-09T11:18:46.106Z,24.8
17734,0.03,17708.4,0,Gate.io,BTC/USDT,2022-11-09T11:18:46.106Z,25.6
17735.6,0.09,17707,0,Gate.io,BTC/USDT,2022-11-09T11:18:46.106Z,28.6
17736.5,0.02,17706.6,0.03,Gate.io,BTC/USDT,2022-11-09T11:18:46.106Z,29.9
17737.4,0.06,17701.8,0.01,Gate.io,BTC/USDT,2022-11-09T11:18:46.106Z,35.6
17737.9,0,17701.5,0.38,Gate.io,BTC/USDT,2022-11-09T11:18:46.106Z,36.4
17739,2.23,17700.9,0.03,Gate.io,BTC/USDT,2022-11-09T11:18:46.106Z,38.1
17741.7,0,17700.8,0.05,Gate.io,BTC/USDT,2022-11-09T11:18:46.106Z,40.9
17730.22,0.01,17726.13,0.03,Bitget,BTC/USDT,2022-11-09T11:18:57.216Z,4.09
17732.49,0.01,17725.98,0.04,Bitget,BTC/USDT,2022-11-09T11:18:57.216Z,6.51
17732.64,0.01,17725.83,0.12,Bitget,BTC/USDT,2022-11-09T11:18:57.216Z,6.81
17732.79,0.01,17725.68,0.31,Bitget,BTC/USDT,2022-11-09T11:18:57.216Z,7.11
17732.94,0.01,17725.67,0.84,Bitget,BTC/USDT,2022-11-09T11:18:57.216Z,7.27
17732.99,0.02,17725.55,0.17,Bitget,BTC/USDT,2022-11-09T11:18:57.216Z,7.44
17733.17,0.1,17725.54,0.29,Bitget,BTC/USDT,2022-11-09T11:18:57.216Z,7.63
17733.34,0.01,17725.53,0.32,Bitget,BTC/USDT,2022-11-09T11:18:57.216Z,7.81
17733.36,0.02,17725.52,0.32,Bitget,BTC/USDT,2022-11-09T11:18:57.216Z,7.84
17733.44,0.19,17725.51,0.84,Bitget,BTC/USDT,2022-11-09T11:18:57.216Z,7.93
17733.52,0.5,17725.17,0.34,Bitget,BTC/USDT,2022-11-09T11:18:57.216Z,8.35
17733.54,0.01,17725.11,0.01,Bitget,BTC/USDT,2022-11-09T11:18:57.216Z,8.43
17733.77,1.32,17725.01,2.86,Bitget,BTC/USDT,2022-11-09T11:18:57.216Z,8.76
17733.91,0.08,17724.94,0.12,Bitget,BTC/USDT,2022-11-09T11:18:57.216Z,8.97
17733.92,0.1,17724.93,0.1,Bitget,BTC/USDT,2022-11-09T11:18:57.216Z,8.99
17733.94,0.02,17724.92,0.28,Bitget,BTC/USDT,2022-11-09T11:18:57.216Z,9.02
17734.34,0.24,17724.83,0.01,Bitget,BTC/USDT,2022-11-09T11:18:57.216Z,9.51
17734.54,0.01,17724.78,0.08,Bitget,BTC/USDT,2022-11-09T11:18:57.216Z,9.76
17734.58,0.01,17724.76,0.66,Bitget,BTC/USDT,2022-11-09T11:18:57.216Z,9.82
17734.59,0.01,17724.68,0.06,Bitget,BTC/USDT,2022-11-09T11:18:57.216Z,9.91
17740.77,0,17740.75,0.03,BitMart,BTC/USDT,2022-11-09T11:19:09.259Z,0.02
17742.25,0.19,17738.34,0.03,BitMart,BTC/USDT,2022-11-09T11:19:09.259Z,3.91
17742.46,0.12,17737.65,0.09,BitMart,BTC/USDT,2022-11-09T11:19:09.259Z,4.81
17742.57,0.09,17737.54,0.12,BitMart,BTC/USDT,2022-11-09T11:19:09.259Z,5.03
17742.68,0.18,17737.01,0.08,BitMart,BTC/USDT,2022-11-09T11:19:09.259Z,5.67
17743.1,0.11,17736.69,0.3,BitMart,BTC/USDT,2022-11-09T11:19:09.259Z,6.41
17743.21,0.21,17736.48,0.24,BitMart,BTC/USDT,2022-11-09T11:19:09.259Z,6.73
17743.42,0.08,17735.84,0.28,BitMart,BTC/USDT,2022-11-09T11:19:09.259Z,7.58
17743.53,0.12,17735.62,0.22,BitMart,BTC/USDT,2022-11-09T11:19:09.259Z,7.91
17744.8,0.1,17733.17,0.03,BitMart,BTC/USDT,2022-11-09T11:19:09.259Z,11.63
17744.91,0.29,17732.22,0.25,BitMart,BTC/USDT,2022-11-09T11:19:09.259Z,12.69
17745.38,3.74,17731.8,0.21,BitMart,BTC/USDT,2022-11-09T11:19:09.259Z,13.58
17748.04,1.78,17731.35,1.02,BitMart,BTC/USDT,2022-11-09T11:19:09.259Z,16.69
17750.7,2.3,17728.69,2.41,BitMart,BTC/USDT,2022-11-09T11:19:09.259Z,22.01
17753.43,3.3,17725.84,2.35,BitMart,BTC/USDT,2022-11-09T11:19:09.259Z,27.59
17753.77,0,17723.18,3.63,BitMart,BTC/USDT,2022-11-09T11:19:09.259Z,30.59
17756.9,1.81,17720.55,3.53,BitMart,BTC/USDT,2022-11-09T11:19:09.259Z,36.35
17759.83,2.38,17718.06,2.72,BitMart,BTC/USDT,2022-11-09T11:19:09.259Z,41.77
17762.69,1.66,17715.4,1.24,BitMart,BTC/USDT,2022-11-09T11:19:09.259Z,47.29
17763.25,2.22,17715.32,2.13,BitMart,BTC/USDT,2022-11-09T11:19:09.259Z,47.93
17748.4,0,17745.3,0,Gate.io,BTC/USDT,2022-11-09T11:19:20.260Z,3.1
17748.9,0,17745.2,0.08,Gate.io,BTC/USDT,2022-11-09T11:19:20.260Z,3.7
17749,0,17744.7,0,Gate.io,BTC/USDT,2022-11-09T11:19:20.260Z,4.3
17749.2,0.01,17743.7,0,Gate.io,BTC/USDT,2022-11-09T11:19:20.260Z,5.5
17750,0,17743.6,0,Gate.io,BTC/USDT,2022-11-09T11:19:20.260Z,6.4
17750.7,0,17743.5,0.01,Gate.io,BTC/USDT,2022-11-09T11:19:20.260Z,7.2
17751.7,0,17743.3,0,Gate.io,BTC/USDT,2022-11-09T11:19:20.260Z,8.4
17751.9,0.01,17741.3,0.01,Gate.io,BTC/USDT,2022-11-09T11:19:20.260Z,10.6
17752.2,0.03,17738.4,0,Gate.io,BTC/USDT,2022-11-09T11:19:20.260Z,13.8
17753.7,0,17738.3,0.01,Gate.io,BTC/USDT,2022-11-09T11:19:20.260Z,15.4
17754.3,0.09,17735.5,0,Gate.io,BTC/USDT,2022-11-09T11:19:20.260Z,18.8
17755.1,0.03,17735.1,0.01,Gate.io,BTC/USDT,2022-11-09T11:19:20.260Z,20
17755.5,0,17734.5,0.01,Gate.io,BTC/USDT,2022-11-09T11:19:20.260Z,21
17755.7,0.09,17732.8,0,Gate.io,BTC/USDT,2022-11-09T11:19:20.260Z,22.9
17756,2.2,17732.6,0.04,Gate.io,BTC/USDT,2022-11-09T11:19:20.260Z,23.4
17757.5,0.07,17732.4,0.01,Gate.io,BTC/USDT,2022-11-09T11:19:20.260Z,25.1
17757.6,0.01,17730.8,0.01,Gate.io,BTC/USDT,2022-11-09T11:19:20.260Z,26.8
17757.8,0.01,17730.2,0.03,Gate.io,BTC/USDT,2022-11-09T11:19:20.260Z,27.6
17757.9,0.03,17730,0.03,Gate.io,BTC/USDT,2022-11-09T11:19:20.260Z,27.9
17758.4,0,17728.6,0.72,Gate.io,BTC/USDT,2022-11-09T11:19:20.260Z,29.8
17759.26,0.14,17757.89,0.01,Bitget,BTC/USDT,2022-11-09T11:19:32.102Z,1.37
17759.27,0.11,17757.53,0.01,Bitget,BTC/USDT,2022-11-09T11:19:32.102Z,1.74
17759.28,0.02,17757.38,0.01,Bitget,BTC/USDT,2022-11-09T11:19:32.102Z,1.9
17759.3,0.11,17757.23,0.01,Bitget,BTC/USDT,2022-11-09T11:19:32.102Z,2.07
17759.43,0.08,17757.18,0.01,Bitget,BTC/USDT,2022-11-09T11:19:32.102Z,2.25
17759.44,0.12,17757.13,0.38,Bitget,BTC/USDT,2022-11-09T11:19:32.102Z,2.31
17759.45,0.07,17756.95,0.17,Bitget,BTC/USDT,2022-11-09T11:19:32.102Z,2.5
17759.46,0.1,17756.93,0.02,Bitget,BTC/USDT,2022-11-09T11:19:32.102Z,2.53
17759.79,0.29,17756.42,0.09,Bitget,BTC/USDT,2022-11-09T11:19:32.102Z,3.37
17764.99,0.01,17756.41,0.02,Bitget,BTC/USDT,2022-11-09T11:19:32.102Z,8.58
17765.35,0.01,17756.37,0.01,Bitget,BTC/USDT,2022-11-09T11:19:32.102Z,8.98
17765.5,0.02,17756.31,0.01,Bitget,BTC/USDT,2022-11-09T11:19:32.102Z,9.19
17765.65,0.04,17756.11,0.02,Bitget,BTC/USDT,2022-11-09T11:19:32.102Z,9.54
17765.81,0.08,17756.1,0.01,Bitget,BTC/USDT,2022-11-09T11:19:32.102Z,9.71
17765.82,0.01,17755.89,0.04,Bitget,BTC/USDT,2022-11-09T11:19:32.102Z,9.93
17765.85,0.01,17755.83,0.04,Bitget,BTC/USDT,2022-11-09T11:19:32.102Z,10.02
17765.88,0.03,17755.78,0.01,Bitget,BTC/USDT,2022-11-09T11:19:32.102Z,10.1
17765.97,1.18,17755.77,0.5,Bitget,BTC/USDT,2022-11-09T11:19:32.102Z,10.2
17766.09,0.01,17755.72,0.01,Bitget,BTC/USDT,2022-11-09T11:19:32.102Z,10.37
17766.12,0.84,17755.71,0.49,Bitget,BTC/USDT,2022-11-09T11:19:32.102Z,10.41
17771.34,0.02,17769.85,0.18,BitMart,BTC/USDT,2022-11-09T11:19:42.756Z,1.49
17772.93,0.1,17769.74,0.26,BitMart,BTC/USDT,2022-11-09T11:19:42.756Z,3.19
17773.36,0.17,17769.53,0.26,BitMart,BTC/USDT,2022-11-09T11:19:42.756Z,3.83
17773.46,0.22,17769.42,0.13,BitMart,BTC/USDT,2022-11-09T11:19:42.756Z,4.04
17773.89,0.24,17769.21,0.09,BitMart,BTC/USDT,2022-11-09T11:19:42.756Z,4.68
17774.1,0.29,17768.78,0.17,BitMart,BTC/USDT,2022-11-09T11:19:42.756Z,5.32
17774.96,0.11,17766.53,1.54,BitMart,BTC/USDT,2022-11-09T11:19:42.756Z,8.43
17777.21,0,17763.25,3.59,BitMart,BTC/USDT,2022-11-09T11:19:42.756Z,13.96
17778.03,1.83,17758.65,3.55,BitMart,BTC/USDT,2022-11-09T11:19:42.756Z,19.38
17780.7,1.84,17755.99,3.35,BitMart,BTC/USDT,2022-11-09T11:19:42.756Z,24.71
17783.37,1.16,17753.87,1.13,BitMart,BTC/USDT,2022-11-09T11:19:42.756Z,29.5
17786.5,2.69,17751.2,1.27,BitMart,BTC/USDT,2022-11-09T11:19:42.756Z,35.3
17787.94,3.05,17749.03,2.14,BitMart,BTC/USDT,2022-11-09T11:19:42.756Z,38.91
17790.59,1.74,17746.04,2.85,BitMart,BTC/USDT,2022-11-09T11:19:42.756Z,44.55
17793.24,3.13,17741.35,2.3,BitMart,BTC/USDT,2022-11-09T11:19:42.756Z,51.89
17795.9,1.88,17738.48,2.64,BitMart,BTC/USDT,2022-11-09T11:19:42.756Z,57.42
17798.55,1.2,17735.82,3.74,BitMart,BTC/USDT,2022-11-09T11:19:42.756Z,62.73
17802.16,1.43,17733.16,2.76,BitMart,BTC/USDT,2022-11-09T11:19:42.756Z,69
17805.92,1.78,17730.5,1.96,BitMart,BTC/USDT,2022-11-09T11:19:42.756Z,75.42
17808.57,3.59,17726.1,2.17,BitMart,BTC/USDT,2022-11-09T11:19:42.756Z,82.47
17769.3,0,17762.7,0.03,Gate.io,BTC/USDT,2022-11-09T11:19:52.864Z,6.6
17769.5,0.02,17760.8,0,Gate.io,BTC/USDT,2022-11-09T11:19:52.864Z,8.7
17769.6,0.01,17759.8,0,Gate.io,BTC/USDT,2022-11-09T11:19:52.864Z,9.8
17769.7,0,17759.6,0,Gate.io,BTC/USDT,2022-11-09T11:19:52.864Z,10.1
17772.2,0,17759.1,0,Gate.io,BTC/USDT,2022-11-09T11:19:52.864Z,13.1
17772.5,0.02,17758.6,1.42,Gate.io,BTC/USDT,2022-11-09T11:19:52.864Z,13.9
17772.7,0.12,17758.5,0.02,Gate.io,BTC/USDT,2022-11-09T11:19:52.864Z,14.2
17773.4,0,17757.2,0.06,Gate.io,BTC/USDT,2022-11-09T11:19:52.864Z,16.2
17773.5,0,17756.3,0.01,Gate.io,BTC/USDT,2022-11-09T11:19:52.864Z,17.2
17775,0,17754.6,2.19,Gate.io,BTC/USDT,2022-11-09T11:19:52.864Z,20.4
17776.7,0,17753.3,0.78,Gate.io,BTC/USDT,2022-11-09T11:19:52.864Z,23.4
17777.3,0.01,17751.8,0.01,Gate.io,BTC/USDT,2022-11-09T11:19:52.864Z,25.5
17777.4,0.03,17751.6,0.04,Gate.io,BTC/USDT,2022-11-09T11:19:52.864Z,25.8
17777.7,0.13,17750,0.01,Gate.io,BTC/USDT,2022-11-09T11:19:52.864Z,27.7
17778,0.05,17749.8,0.03,Gate.io,BTC/USDT,2022-11-09T11:19:52.864Z,28.2
17778.5,0.06,17748.7,0.02,Gate.io,BTC/USDT,2022-11-09T11:19:52.864Z,29.8
17778.9,0,17747.3,0.01,Gate.io,BTC/USDT,2022-11-09T11:19:52.864Z,31.6
17779.2,0.11,17746.1,0,Gate.io,BTC/USDT,2022-11-09T11:19:52.864Z,33.1
17779.3,0.04,17744.1,0.2,Gate.io,BTC/USDT,2022-11-09T11:19:52.864Z,35.2
17779.9,0,17743.7,0,Gate.io,BTC/USDT,2022-11-09T11:19:52.864Z,36.2
17776.02,0.09,17774.79,0.06,Bitget,BTC/USDT,2022-11-09T11:20:04.101Z,1.23
17776.19,0.07,17774.45,0.06,Bitget,BTC/USDT,2022-11-09T11:20:04.101Z,1.74
17776.2,0.13,17773.72,0.08,Bitget,BTC/USDT,2022-11-09T11:20:04.101Z,2.48
17776.21,0.08,17772.4,0.11,Bitget,BTC/USDT,2022-11-09T11:20:04.101Z,3.81
17776.22,0.13,17772.25,0.18,Bitget,BTC/USDT,2022-11-09T11:20:04.101Z,3.97
17776.95,0.03,17772.1,0.48,Bitget,BTC/USDT,2022-11-09T11:20:04.101Z,4.85
17777.35,0.06,17771.95,1.27,Bitget,BTC/USDT,2022-11-09T11:20:04.101Z,5.4
17778.46,0.5,17771.64,0.01,Bitget,BTC/USDT,2022-11-09T11:20:04.101Z,6.82
17778.56,0.03,17771.24,0.01,Bitget,BTC/USDT,2022-11-09T11:20:04.101Z,7.32
17778.71,0.04,17771.09,0.01,Bitget,BTC/USDT,2022-11-09T11:20:04.101Z,7.62
17778.86,0.12,17770.34,0.57,Bitget,BTC/USDT,2022-11-09T11:20:04.101Z,8.52
17779.01,0.31,17770.18,0.57,Bitget,BTC/USDT,2022-11-09T11:20:04.101Z,8.83
17780.46,0.39,17770.17,0.84,Bitget,BTC/USDT,2022-11-09T11:20:04.101Z,10.29
17780.56,0.98,17770.12,0.1,Bitget,BTC/USDT,2022-11-09T11:20:04.101Z,10.44
17781.16,0.98,17769.94,0.01,Bitget,BTC/USDT,2022-11-09T11:20:04.101Z,11.22
17781.26,4.08,17769.43,0.03,Bitget,BTC/USDT,2022-11-09T11:20:04.101Z,11.83
17781.36,13.98,17769.31,1.38,Bitget,BTC/USDT,2022-11-09T11:20:04.101Z,12.05
17781.69,0.68,17769.3,1.6,Bitget,BTC/USDT,2022-11-09T11:20:04.101Z,12.39
17782.06,0.11,17769.17,0.3,Bitget,BTC/USDT,2022-11-09T11:20:04.101Z,12.89
17782.21,0.2,17769.06,0.01,Bitget,BTC/USDT,2022-11-09T11:20:04.101Z,13.15
17794.18,0.27,17793.63,0.01,BitMart,BTC/USDT,2022-11-09T11:20:15.085Z,0.55
17794.29,0.2,17793.51,0.03,BitMart,BTC/USDT,2022-11-09T11:20:15.085Z,0.78
17794.4,0.28,17788.96,0.15,BitMart,BTC/USDT,2022-11-09T11:20:15.085Z,5.44
17794.61,0.18,17788.32,0.29,BitMart,BTC/USDT,2022-11-09T11:20:15.085Z,6.29
17794.82,0.13,17788.21,0.09,BitMart,BTC/USDT,2022-11-09T11:20:15.085Z,6.61
17794.93,0.2,17788.1,0.29,BitMart,BTC/USDT,2022-11-09T11:20:15.085Z,6.83
17795.14,0.11,17788,0.25,BitMart,BTC/USDT,2022-11-09T11:20:15.085Z,7.14
17796,0.29,17787.78,0.17,BitMart,BTC/USDT,2022-11-09T11:20:15.085Z,8.22
17796.11,0.27,17787.68,0.16,BitMart,BTC/USDT,2022-11-09T11:20:15.085Z,8.43
17798.55,1.2,17787.46,0.26,BitMart,BTC/USDT,2022-11-09T11:20:15.085Z,11.09
17802.16,1.43,17787.18,0.02,BitMart,BTC/USDT,2022-11-09T11:20:15.085Z,14.98
17805.92,1.78,17784.64,0.01,BitMart,BTC/USDT,2022-11-09T11:20:15.085Z,21.28
17808.57,3.59,17784.47,2.55,BitMart,BTC/USDT,2022-11-09T11:20:15.085Z,24.1
17812.01,2.16,17781.8,1.26,BitMart,BTC/USDT,2022-11-09T11:20:15.085Z,30.21
17815.99,2.16,17779.14,1.64,BitMart,BTC/USDT,2022-11-09T11:20:15.085Z,36.85
17820.37,2.35,17776.31,0.26,BitMart,BTC/USDT,2022-11-09T11:20:15.085Z,44.06
17823.02,1.35,17773.04,2.43,BitMart,BTC/USDT,2022-11-09T11:20:15.085Z,49.98
17826.14,2.57,17770.38,3.43,BitMart,BTC/USDT,2022-11-09T11:20:15.085Z,55.76
17828.79,2.06,17766.69,2.1,BitMart,BTC/USDT,2022-11-09T11:20:15.085Z,62.1
17832.6,2.05,17764.03,2.02,BitMart,BTC/USDT,2022-11-09T11:20:15.085Z,68.57
17785.4,0,17781.4,0.03,Gate.io,BTC/USDT,2022-11-09T11:20:25.176Z,4
17785.7,0,17781.3,0,Gate.io,BTC/USDT,2022-11-09T11:20:25.176Z,4.4
17786.4,0.01,17780.9,0,Gate.io,BTC/USDT,2022-11-09T11:20:25.176Z,5.5
17787.4,0.01,17780.4,0,Gate.io,BTC/USDT,2022-11-09T11:20:25.176Z,7
17787.5,0,17778.6,0.01,Gate.io,BTC/USDT,2022-11-09T11:20:25.176Z,8.9
17790.4,0.01,17777.1,0.02,Gate.io,BTC/USDT,2022-11-09T11:20:25.176Z,13.3
17791.7,0.01,17776.7,0.01,Gate.io,BTC/USDT,2022-11-09T11:20:25.176Z,15
17792.2,0.03,17775.6,0.03,Gate.io,BTC/USDT,2022-11-09T11:20:25.176Z,16.6
17793.8,0.19,17773.1,0,Gate.io,BTC/USDT,2022-11-09T11:20:25.176Z,20.7
17794.2,0,17772.7,0.04,Gate.io,BTC/USDT,2022-11-09T11:20:25.176Z,21.5
17794.7,0.04,17772.6,0,Gate.io,BTC/USDT,2022-11-09T11:20:25.176Z,22.1
17794.9,0.09,17771.5,0,Gate.io,BTC/USDT,2022-11-09T11:20:25.176Z,23.4
17796.3,0.06,17770.9,0,Gate.io,BTC/USDT,2022-11-09T11:20:25.176Z,25.4
17796.6,0,17770,0.01,Gate.io,BTC/USDT,2022-11-09T11:20:25.176Z,26.6
17797,0.02,17767.3,0,Gate.io,BTC/USDT,2022-11-09T11:20:25.176Z,29.7
17797.6,0,17766,0.01,Gate.io,BTC/USDT,2022-11-09T11:20:25.176Z,31.6
17797.7,0,17765.5,0.01,Gate.io,BTC/USDT,2022-11-09T11:20:25.176Z,32.2
17798,0.05,17765.1,0.01,Gate.io,BTC/USDT,2022-11-09T11:20:25.176Z,32.9
17798.4,0,17762.6,0.03,Gate.io,BTC/USDT,2022-11-09T11:20:25.176Z,35.8
17798.5,0.04,17761.8,0.09,Gate.io,BTC/USDT,2022-11-09T11:20:25.176Z,36.7
17800,0,17795.11,0.16,Bitget,BTC/USDT,2022-11-09T11:20:36.676Z,4.89
17800.11,0.06,17793.22,0.03,Bitget,BTC/USDT,2022-11-09T11:20:36.676Z,6.89
17800.26,0.1,17793.17,0.23,Bitget,BTC/USDT,2022-11-09T11:20:36.676Z,7.09
17800.41,0.26,17793.07,0.05,Bitget,BTC/USDT,2022-11-09T11:20:36.676Z,7.34
17800.5,0.5,17792.92,0.13,Bitget,BTC/USDT,2022-11-09T11:20:36.676Z,7.58
17800.56,0.69,17792.77,0.34,Bitget,BTC/USDT,2022-11-09T11:20:36.676Z,7.79
17801.06,2.92,17792.75,0.01,Bitget,BTC/USDT,2022-11-09T11:20:36.676Z,8.31
17801.07,0,17792.64,0.25,Bitget,BTC/USDT,2022-11-09T11:20:36.676Z,8.43
17801.14,0.05,17792.47,0.57,Bitget,BTC/USDT,2022-11-09T11:20:36.676Z,8.67
17801.16,0.2,17792.45,0.01,Bitget,BTC/USDT,2022-11-09T11:20:36.676Z,8.71
17801.23,0.01,17792.15,0.43,Bitget,BTC/USDT,2022-11-09T11:20:36.676Z,9.08
17801.26,4.29,17792.14,0.8,Bitget,BTC/USDT,2022-11-09T11:20:36.676Z,9.12
17801.3,0.01,17792.09,0.2,Bitget,BTC/USDT,2022-11-09T11:20:36.676Z,9.21
17801.32,0.1,17792.04,0.02,Bitget,BTC/USDT,2022-11-09T11:20:36.676Z,9.28
17801.51,0.02,17791.96,0.01,Bitget,BTC/USDT,2022-11-09T11:20:36.676Z,9.55
17801.52,0.02,17791.7,0.01,Bitget,BTC/USDT,2022-11-09T11:20:36.676Z,9.82
17801.54,0.5,17790.97,0.01,Bitget,BTC/USDT,2022-11-09T11:20:36.676Z,10.57
17801.55,5.65,17790.65,0.01,Bitget,BTC/USDT,2022-11-09T11:20:36.676Z,10.9
17801.56,4.49,17790.64,0.84,Bitget,BTC/USDT,2022-11-09T11:20:36.676Z,10.92
17801.59,0.28,17790.37,0.06,Bitget,BTC/USDT,2022-11-09T11:20:36.676Z,11.22
17837.05,0.99,17835.75,0.01,BitMart,BTC/USDT,2022-11-09T11:20:49.188Z,1.3
17839.72,2.13,17832.36,0.22,BitMart,BTC/USDT,2022-11-09T11:20:49.188Z,7.36
17847.74,2.48,17832.14,0.22,BitMart,BTC/USDT,2022-11-09T11:20:49.188Z,15.6
17850.42,1.84,17829.89,0.17,BitMart,BTC/USDT,2022-11-09T11:20:49.188Z,20.53
17853.09,2.28,17829.04,0.29,BitMart,BTC/USDT,2022-11-09T11:20:49.188Z,24.05
17855.92,2.49,17828.93,0.07,BitMart,BTC/USDT,2022-11-09T11:20:49.188Z,26.99
17859.81,2.71,17822.71,1.92,BitMart,BTC/USDT,2022-11-09T11:20:49.188Z,37.1
17863.16,2.81,17820.03,3.58,BitMart,BTC/USDT,2022-11-09T11:20:49.188Z,43.13
17865.48,3.04,17817.35,2.91,BitMart,BTC/USDT,2022-11-09T11:20:49.188Z,48.13
17868.02,2.04,17814.68,1.91,BitMart,BTC/USDT,2022-11-09T11:20:49.188Z,53.34
17872.6,1.85,17810.06,0.97,BitMart,BTC/USDT,2022-11-09T11:20:49.188Z,62.54
17874.68,1.76,17807.39,1.19,BitMart,BTC/USDT,2022-11-09T11:20:49.188Z,67.29
17877.34,3.19,17804.72,1.69,BitMart,BTC/USDT,2022-11-09T11:20:49.188Z,72.62
17881.06,1.25,17802.05,0.77,BitMart,BTC/USDT,2022-11-09T11:20:49.188Z,79.01
17885.2,1.71,17799.37,1.66,BitMart,BTC/USDT,2022-11-09T11:20:49.188Z,85.83
17888.7,2.74,17796.7,2.58,BitMart,BTC/USDT,2022-11-09T11:20:49.188Z,92
17891.37,3.32,17794.03,2.4,BitMart,BTC/USDT,2022-11-09T11:20:49.188Z,97.34
17894.04,3.53,17791.36,1.55,BitMart,BTC/USDT,2022-11-09T11:20:49.188Z,102.68
17896.71,2.63,17788.68,1.75,BitMart,BTC/USDT,2022-11-09T11:20:49.188Z,108.03
17900.65,2.98,17786.01,2.59,BitMart,BTC/USDT,2022-11-09T11:20:49.188Z,114.64
17843.9,0.04,17840,0,Gate.io,BTC/USDT,2022-11-09T11:20:59.672Z,3.9
17844.7,0,17839.9,0,Gate.io,BTC/USDT,2022-11-09T11:20:59.672Z,4.8
17845,0,17836,0,Gate.io,BTC/USDT,2022-11-09T11:20:59.672Z,9
17848,0.01,17835.5,0,Gate.io,BTC/USDT,2022-11-09T11:20:59.672Z,12.5
17848.1,0.01,17834.4,0.01,Gate.io,BTC/USDT,2022-11-09T11:20:59.672Z,13.7
17848.2,0,17832.7,0.02,Gate.io,BTC/USDT,2022-11-09T11:20:59.672Z,15.5
17849.2,0,17832.6,0.21,Gate.io,BTC/USDT,2022-11-09T11:20:59.672Z,16.6
17849.6,0.05,17831.8,0.18,Gate.io,BTC/USDT,2022-11-09T11:20:59.672Z,17.8
17850,1.3,17830.3,0.84,Gate.io,BTC/USDT,2022-11-09T11:20:59.672Z,19.7
17850.2,0,17829.4,0.14,Gate.io,BTC/USDT,2022-11-09T11:20:59.672Z,20.8
17850.5,0.07,17828,0,Gate.io,BTC/USDT,2022-11-09T11:20:59.672Z,22.5
17851.2,0,17827.9,0.01,Gate.io,BTC/USDT,2022-11-09T11:20:59.672Z,23.3
17851.5,0,17827.7,0.03,Gate.io,BTC/USDT,2022-11-09T11:20:59.672Z,23.8
17851.9,0.12,17827.5,0.03,Gate.io,BTC/USDT,2022-11-09T11:20:59.672Z,24.4
17852.3,0.03,17825.1,0.01,Gate.io,BTC/USDT,2022-11-09T11:20:59.672Z,27.2
17852.4,0.01,17823.6,0,Gate.io,BTC/USDT,2022-11-09T11:20:59.672Z,28.8
17852.5,0,17822.8,0.03,Gate.io,BTC/USDT,2022-11-09T11:20:59.672Z,29.7
17852.6,0.01,17820.5,0.2,Gate.io,BTC/USDT,2022-11-09T11:20:59.672Z,32.1
17852.7,0,17818.4,0.04,Gate.io,BTC/USDT,2022-11-09T11:20:59.672Z,34.3
17852.9,0.01,17817.6,0.02,Gate.io,BTC/USDT,2022-11-09T11:20:59.672Z,35.3
17845.44,0.1,17839.26,0.4,Bitget,BTC/USDT,2022-11-09T11:21:11.177Z,6.18
17845.75,0.13,17839.22,0.11,Bitget,BTC/USDT,2022-11-09T11:21:11.177Z,6.53
17845.78,0.23,17839.21,0.07,Bitget,BTC/USDT,2022-11-09T11:21:11.177Z,6.57
17845.83,0.1,17839.01,0.1,Bitget,BTC/USDT,2022-11-09T11:21:11.177Z,6.82
17845.84,0.1,17839,0.33,Bitget,BTC/USDT,2022-11-09T11:21:11.177Z,6.84
17846.05,0.57,17838.86,0,Bitget,BTC/USDT,2022-11-09T11:21:11.177Z,7.19
17846.21,0.1,17838.76,0.01,Bitget,BTC/USDT,2022-11-09T11:21:11.177Z,7.45
17846.35,0.1,17838.58,0.28,Bitget,BTC/USDT,2022-11-09T11:21:11.177Z,7.77
17846.66,0.84,17838.49,0.02,Bitget,BTC/USDT,2022-11-09T11:21:11.177Z,8.17
17847.46,0.56,17838.43,0.48,Bitget,BTC/USDT,2022-11-09T11:21:11.177Z,9.03
17847.86,0.65,17838.42,0.11,Bitget,BTC/USDT,2022-11-09T11:21:11.177Z,9.44
17848.24,0.08,17838.05,0.01,Bitget,BTC/USDT,2022-11-09T11:21:11.177Z,10.19
17848.26,0.71,17838.04,0.08,Bitget,BTC/USDT,2022-11-09T11:21:11.177Z,10.22
17848.35,0.2,17837.99,0.02,Bitget,BTC/USDT,2022-11-09T11:21:11.177Z,10.36
17848.51,0.02,17837.81,0.31,Bitget,BTC/USDT,2022-11-09T11:21:11.177Z,10.7
17848.62,0.11,17837.8,0.27,Bitget,BTC/USDT,2022-11-09T11:21:11.177Z,10.82
17849.1,0.2,17837.79,0.37,Bitget,BTC/USDT,2022-11-09T11:21:11.177Z,11.31
17849.24,2.21,17837.64,0.01,Bitget,BTC/USDT,2022-11-09T11:21:11.177Z,11.6
17849.33,0.5,17837.62,0.1,Bitget,BTC/USDT,2022-11-09T11:21:11.177Z,11.71
17849.34,0.84,17837.59,0.39,Bitget,BTC/USDT,2022-11-09T11:21:11.177Z,11.75
17842.92,0.22,17836.31,0.15,BitMart,BTC/USDT,2022-11-09T11:21:21.908Z,6.61
17844.74,0.28,17836.09,0.24,BitMart,BTC/USDT,2022-11-09T11:21:21.908Z,8.65
17844.96,0.18,17836.02,0,BitMart,BTC/USDT,2022-11-09T11:21:21.908Z,8.94
17845.39,0.3,17836.01,0,BitMart,BTC/USDT,2022-11-09T11:21:21.908Z,9.38
17845.49,0.09,17835.88,0.14,BitMart,BTC/USDT,2022-11-09T11:21:21.908Z,9.61
17845.6,0.24,17835.66,0.16,BitMart,BTC/USDT,2022-11-09T11:21:21.908Z,9.94
17845.81,0.17,17835.56,0.25,BitMart,BTC/USDT,2022-11-09T11:21:21.908Z,10.25
17845.92,0.07,17835.45,0.2,BitMart,BTC/USDT,2022-11-09T11:21:21.908Z,10.47
17851.52,3.26,17835.34,0.24,BitMart,BTC/USDT,2022-11-09T11:21:21.908Z,16.18
17853.71,2.65,17835.24,0.19,BitMart,BTC/USDT,2022-11-09T11:21:21.908Z,18.47
17856.39,0.89,17834.7,0.09,BitMart,BTC/USDT,2022-11-09T11:21:21.908Z,21.69
17856.71,1.45,17828.77,0.14,BitMart,BTC/USDT,2022-11-09T11:21:21.908Z,27.94
17859.39,2.06,17828.34,0.15,BitMart,BTC/USDT,2022-11-09T11:21:21.908Z,31.05
17862.07,3.64,17828.23,0.19,BitMart,BTC/USDT,2022-11-09T11:21:21.908Z,33.84
17864.75,2.27,17826.95,0.1,BitMart,BTC/USDT,2022-11-09T11:21:21.908Z,37.8
17867.42,1.13,17821.9,0.87,BitMart,BTC/USDT,2022-11-09T11:21:21.908Z,45.52
17867.58,3.16,17819.22,1.69,BitMart,BTC/USDT,2022-11-09T11:21:21.908Z,48.36
17870.26,3.68,17815.89,3.38,BitMart,BTC/USDT,2022-11-09T11:21:21.908Z,54.37
17872.6,1.85,17814.68,1.91,BitMart,BTC/USDT,2022-11-09T11:21:21.908Z,57.92
17874.68,1.76,17810.06,0.97,BitMart,BTC/USDT,2022-11-09T11:21:21.908Z,64.62
17847.4,0,17840.2,0.03,Gate.io,BTC/USDT,2022-11-09T11:21:32.404Z,7.2
17848.4,0,17839.1,0.04,Gate.io,BTC/USDT,2022-11-09T11:21:32.404Z,9.3
17852.2,0,17838.9,0.01,Gate.io,BTC/USDT,2022-11-09T11:21:32.404Z,13.3
17853.1,0.06,17836.6,0.02,Gate.io,BTC/USDT,2022-11-09T11:21:32.404Z,16.5
17853.2,0.01,17836.1,0.01,Gate.io,BTC/USDT,2022-11-09T11:21:32.404Z,17.1
17853.4,0.03,17834.2,0.02,Gate.io,BTC/USDT,2022-11-09T11:21:32.404Z,19.2
17854.2,0,17833.3,0.04,Gate.io,BTC/USDT,2022-11-09T11:21:32.404Z,20.9
17854.8,0.09,17832,0.01,Gate.io,BTC/USDT,2022-11-09T11:21:32.404Z,22.8
17855.2,0,17830.5,0.77,Gate.io,BTC/USDT,2022-11-09T11:21:32.404Z,24.7
17855.6,0,17828.5,0,Gate.io,BTC/USDT,2022-11-09T11:21:32.404Z,27.1
17856.8,0.03,17828.4,0.03,Gate.io,BTC/USDT,2022-11-09T11:21:32.404Z,28.4
17857,2.23,17826.7,0.04,Gate.io,BTC/USDT,2022-11-09T11:21:32.404Z,30.3
17857.6,0.01,17823.9,0.2,Gate.io,BTC/USDT,2022-11-09T11:21:32.404Z,33.7
17857.7,0,17821.7,0.03,Gate.io,BTC/USDT,2022-11-09T11:21:32.404Z,36
17858.7,0.01,17821.6,0.02,Gate.io,BTC/USDT,2022-11-09T11:21:32.404Z,37.1
17859.7,0,17821.5,0.01,Gate.io,BTC/USDT,2022-11-09T11:21:32.404Z,38.2
17860.2,0.1,17821.4,0.04,Gate.io,BTC/USDT,2022-11-09T11:21:32.404Z,38.8
17860.3,0.18,17813,0.01,Gate.io,BTC/USDT,2022-11-09T11:21:32.404Z,47.3
17860.5,0,17810,0.05,Gate.io,BTC/USDT,2022-11-09T11:21:32.404Z,50.5
17860.7,0,17808.2,0.22,Gate.io,BTC/USDT,2022-11-09T11:21:32.404Z,52.5
17850.32,0.5,17845.1,0.11,Bitget,BTC/USDT,2022-11-09T11:21:43.265Z,5.22
17851.09,0.06,17844.76,0.01,Bitget,BTC/USDT,2022-11-09T11:21:43.265Z,6.33
17851.54,0.2,17844.75,0.57,Bitget,BTC/USDT,2022-11-09T11:21:43.265Z,6.79
17851.56,10.77,17844.69,0.5,Bitget,BTC/USDT,2022-11-09T11:21:43.265Z,6.87
17851.58,0.1,17844.44,0.01,Bitget,BTC/USDT,2022-11-09T11:21:43.265Z,7.14
17851.76,2.08,17844.25,0.84,Bitget,BTC/USDT,2022-11-09T11:21:43.265Z,7.51
17851.86,0.16,17844.07,0.02,Bitget,BTC/USDT,2022-11-09T11:21:43.265Z,7.79
17851.94,0.1,17843.78,0.56,Bitget,BTC/USDT,2022-11-09T11:21:43.265Z,8.16
17851.96,3.82,17843.74,0.01,Bitget,BTC/USDT,2022-11-09T11:21:43.265Z,8.22
17852.15,0.01,17843.7,0.01,Bitget,BTC/USDT,2022-11-09T11:21:43.265Z,8.45
17852.16,0.08,17843.32,0.29,Bitget,BTC/USDT,2022-11-09T11:21:43.265Z,8.84
17852.17,0.01,17843.3,0.01,Bitget,BTC/USDT,2022-11-09T11:21:43.265Z,8.87
17852.18,0.01,17843.06,0.4,Bitget,BTC/USDT,2022-11-09T11:21:43.265Z,9.12
17853.06,0.22,17842.39,0.16,Bitget,BTC/USDT,2022-11-09T11:21:43.265Z,10.67
17853.16,2.36,17842.23,0.1,Bitget,BTC/USDT,2022-11-09T11:21:43.265Z,10.93
17853.26,0.24,17842.09,0.01,Bitget,BTC/USDT,2022-11-09T11:21:43.265Z,11.17
17853.36,1.51,17842.04,0.18,Bitget,BTC/USDT,2022-11-09T11:21:43.265Z,11.32
17853.46,1,17842.02,0.04,Bitget,BTC/USDT,2022-11-09T11:21:43.265Z,11.44
17853.56,0.4,17841.85,0.48,Bitget,BTC/USDT,2022-11-09T11:21:43.265Z,11.71
17854.06,0.45,17841.73,0.07,Bitget,BTC/USDT,2022-11-09T11:21:43.265Z,12.33
17856.39,0.01,17856.36,0.01,BitMart,BTC/USDT,2022-11-09T11:21:54.848Z,0.03
17856.67,0.01,17850.35,2.38,BitMart,BTC/USDT,2022-11-09T11:21:54.848Z,6.32
17857.22,0.01,17847.67,1.67,BitMart,BTC/USDT,2022-11-09T11:21:54.848Z,9.55
17857.27,0.01,17844.99,2.54,BitMart,BTC/USDT,2022-11-09T11:21:54.848Z,12.28
17858.08,0.01,17842.31,2.68,BitMart,BTC/USDT,2022-11-09T11:21:54.848Z,15.77
17859.18,0.17,17839.63,2.15,BitMart,BTC/USDT,2022-11-09T11:21:54.848Z,19.55
17859.4,0.09,17835.19,1.31,BitMart,BTC/USDT,2022-11-09T11:21:54.848Z,24.21
17859.61,0.17,17835.05,1.04,BitMart,BTC/USDT,2022-11-09T11:21:54.848Z,24.56
17859.72,0.29,17830.4,3.38,BitMart,BTC/USDT,2022-11-09T11:21:54.848Z,29.32
17859.83,0.2,17827.72,2.12,BitMart,BTC/USDT,2022-11-09T11:21:54.848Z,32.11
17859.93,0.17,17825.04,1.66,BitMart,BTC/USDT,2022-11-09T11:21:54.848Z,34.89
17860.15,0.18,17821.9,0.87,BitMart,BTC/USDT,2022-11-09T11:21:54.848Z,38.25
17860.26,0.07,17819.22,1.69,BitMart,BTC/USDT,2022-11-09T11:21:54.848Z,41.04
17860.36,0.27,17815.89,3.38,BitMart,BTC/USDT,2022-11-09T11:21:54.848Z,44.47
17860.47,0.09,17814.68,1.91,BitMart,BTC/USDT,2022-11-09T11:21:54.848Z,45.79
17863.64,0,17810.06,0.97,BitMart,BTC/USDT,2022-11-09T11:21:54.848Z,53.58
17867.58,3.16,17807.39,1.19,BitMart,BTC/USDT,2022-11-09T11:21:54.848Z,60.19
17870.26,3.68,17804.72,1.69,BitMart,BTC/USDT,2022-11-09T11:21:54.848Z,65.54
17872.6,1.85,17802.05,0.77,BitMart,BTC/USDT,2022-11-09T11:21:54.848Z,70.55
17874.68,1.76,17799.37,1.66,BitMart,BTC/USDT,2022-11-09T11:21:54.848Z,75.31
17850.1,0.03,17845.3,0,Gate.io,BTC/USDT,2022-11-09T11:22:04.693Z,4.8
17850.2,0,17845.2,0.01,Gate.io,BTC/USDT,2022-11-09T11:22:04.693Z,5
17850.9,0.02,17845.1,0,Gate.io,BTC/USDT,2022-11-09T11:22:04.693Z,5.8
17853.3,0.03,17845,0.03,Gate.io,BTC/USDT,2022-11-09T11:22:04.693Z,8.3
17855.1,0.06,17844.3,0,Gate.io,BTC/USDT,2022-11-09T11:22:04.693Z,10.8
17855.5,0.09,17844.1,0,Gate.io,BTC/USDT,2022-11-09T11:22:04.693Z,11.4
17856.9,0,17842.7,0.03,Gate.io,BTC/USDT,2022-11-09T11:22:04.693Z,14.2
17859.6,0,17841.1,0,Gate.io,BTC/USDT,2022-11-09T11:22:04.693Z,18.5
17859.9,0.01,17840.4,0.01,Gate.io,BTC/USDT,2022-11-09T11:22:04.693Z,19.5
17861.3,2.5,17838.1,0,Gate.io,BTC/USDT,2022-11-09T11:22:04.693Z,23.2
17862.1,0,17837.3,0.01,Gate.io,BTC/USDT,2022-11-09T11:22:04.693Z,24.8
17863.8,0,17837,0.02,Gate.io,BTC/USDT,2022-11-09T11:22:04.693Z,26.8
17864.9,0.03,17836.2,0.14,Gate.io,BTC/USDT,2022-11-09T11:22:04.693Z,28.7
17867,0,17835.2,0.69,Gate.io,BTC/USDT,2022-11-09T11:22:04.693Z,31.8
17867.7,0.02,17833,0.02,Gate.io,BTC/USDT,2022-11-09T11:22:04.693Z,34.7
17868,0,17832.9,0.01,Gate.io,BTC/USDT,2022-11-09T11:22:04.693Z,35.1
17868.1,0.02,17832.7,0.2,Gate.io,BTC/USDT,2022-11-09T11:22:04.693Z,35.4
17869.2,0,17832,0.01,Gate.io,BTC/USDT,2022-11-09T11:22:04.693Z,37.2
17869.5,0,17830.9,0.03,Gate.io,BTC/USDT,2022-11-09T11:22:04.693Z,38.6
17869.7,0.02,17829.8,0.01,Gate.io,BTC/USDT,2022-11-09T11:22:04.693Z,39.9
17836.16,0.01,17831.44,0.24,Bitget,BTC/USDT,2022-11-09T11:22:16.756Z,4.72
17836.24,0.31,17830.04,0.84,Bitget,BTC/USDT,2022-11-09T11:22:16.756Z,6.2
17836.36,0.01,17830,0.01,Bitget,BTC/USDT,2022-11-09T11:22:16.756Z,6.36
17836.46,0.75,17829.89,0.01,Bitget,BTC/USDT,2022-11-09T11:22:16.756Z,6.57
17836.56,1.38,17829.77,0.01,Bitget,BTC/USDT,2022-11-09T11:22:16.756Z,6.79
17837.14,0.5,17829.76,0.01,Bitget,BTC/USDT,2022-11-09T11:22:16.756Z,7.38
17837.95,0.01,17829.72,0.01,Bitget,BTC/USDT,2022-11-09T11:22:16.756Z,8.23
17838.04,0.84,17829.5,0.02,Bitget,BTC/USDT,2022-11-09T11:22:16.756Z,8.54
17838.06,0.59,17829.42,0.17,Bitget,BTC/USDT,2022-11-09T11:22:16.756Z,8.64
17838.16,0.22,17829.4,0.2,Bitget,BTC/USDT,2022-11-09T11:22:16.756Z,8.76
17838.35,0.02,17829.13,0.07,Bitget,BTC/USDT,2022-11-09T11:22:16.756Z,9.22
17838.46,0.28,17829.04,0.04,Bitget,BTC/USDT,2022-11-09T11:22:16.756Z,9.42
17838.48,0.01,17828.74,0.01,Bitget,BTC/USDT,2022-11-09T11:22:16.756Z,9.74
17838.54,0.14,17828.43,0.01,Bitget,BTC/USDT,2022-11-09T11:22:16.756Z,10.11
17838.56,0.61,17828.37,0.01,Bitget,BTC/USDT,2022-11-09T11:22:16.756Z,10.19
17838.6,0.01,17828.33,0.08,Bitget,BTC/USDT,2022-11-09T11:22:16.756Z,10.27
17838.61,0.15,17828.3,0.01,Bitget,BTC/USDT,2022-11-09T11:22:16.756Z,10.31
17838.62,0.2,17828.28,0.02,Bitget,BTC/USDT,2022-11-09T11:22:16.756Z,10.34
17838.75,0.17,17828.19,0.94,Bitget,BTC/USDT,2022-11-09T11:22:16.756Z,10.56
17838.96,0.01,17828.18,0.27,Bitget,BTC/USDT,2022-11-09T11:22:16.756Z,10.78
17837.63,0.18,17835.66,0.19,BitMart,BTC/USDT,2022-11-09T11:22:27.452Z,1.97
17840.49,0,17835.47,0.03,BitMart,BTC/USDT,2022-11-09T11:22:27.452Z,5.02
17847.71,3.08,17835.34,0.12,BitMart,BTC/USDT,2022-11-09T11:22:27.452Z,12.37
17850.39,2.17,17834.97,0.01,BitMart,BTC/USDT,2022-11-09T11:22:27.452Z,15.42
17853.06,3.63,17828.13,2.62,BitMart,BTC/USDT,2022-11-09T11:22:27.452Z,24.93
17855.74,2.07,17825.84,2.3,BitMart,BTC/USDT,2022-11-09T11:22:27.452Z,29.9
17859.98,2.87,17825.04,1.66,BitMart,BTC/USDT,2022-11-09T11:22:27.452Z,34.94
17862.65,1.2,17821.9,0.87,BitMart,BTC/USDT,2022-11-09T11:22:27.452Z,40.75
17866.11,1.76,17819.22,1.69,BitMart,BTC/USDT,2022-11-09T11:22:27.452Z,46.89
17869.45,2.54,17815.89,3.38,BitMart,BTC/USDT,2022-11-09T11:22:27.452Z,53.56
17872.13,1.76,17814.68,1.91,BitMart,BTC/USDT,2022-11-09T11:22:27.452Z,57.45
17874.15,0.89,17810.06,0.97,BitMart,BTC/USDT,2022-11-09T11:22:27.452Z,64.09
17876.82,3.7,17807.39,1.19,BitMart,BTC/USDT,2022-11-09T11:22:27.452Z,69.43
17877.34,3.19,17804.72,1.69,BitMart,BTC/USDT,2022-11-09T11:22:27.452Z,72.62
17881.06,1.25,17802.05,0.77,BitMart,BTC/USDT,2022-11-09T11:22:27.452Z,79.01
17885.2,1.71,17799.37,1.66,BitMart,BTC/USDT,2022-11-09T11:22:27.452Z,85.83
17888.7,2.74,17796.7,2.58,BitMart,BTC/USDT,2022-11-09T11:22:27.452Z,92
17891.37,3.32,17794.03,2.4,BitMart,BTC/USDT,2022-11-09T11:22:27.452Z,97.34
17894.04,3.53,17791.36,1.55,BitMart,BTC/USDT,2022-11-09T11:22:27.452Z,102.68
17896.71,2.63,17788.68,1.75,BitMart,BTC/USDT,2022-11-09T11:22:27.452Z,108.03
17837.6,0.06,17827.9,0,Gate.io,BTC/USDT,2022-11-09T11:22:37.279Z,9.7
17837.7,0.13,17827.3,0.01,Gate.io,BTC/USDT,2022-11-09T11:22:37.279Z,10.4
17839.7,0,17826.7,0.05,Gate.io,BTC/USDT,2022-11-09T11:22:37.279Z,13
17840.8,0,17825.3,0.02,Gate.io,BTC/USDT,2022-11-09T11:22:37.279Z,15.5
17841,0,17824.8,0,Gate.io,BTC/USDT,2022-11-09T11:22:37.279Z,16.2
17845.8,0.02,17824,0,Gate.io,BTC/USDT,2022-11-09T11:22:37.279Z,21.8
17846,2.09,17823.7,0.01,Gate.io,BTC/USDT,2022-11-09T11:22:37.279Z,22.3
17847.9,0,17822,0.02,Gate.io,BTC/USDT,2022-11-09T11:22:37.279Z,25.9
17848.5,0.05,17821.8,0,Gate.io,BTC/USDT,2022-11-09T11:22:37.279Z,26.7
17849.1,0.02,17821.6,0.02,Gate.io,BTC/USDT,2022-11-09T11:22:37.279Z,27.5
17849.5,0,17821.5,0.01,Gate.io,BTC/USDT,2022-11-09T11:22:37.279Z,28
17849.7,2.05,17821.3,0.01,Gate.io,BTC/USDT,2022-11-09T11:22:37.279Z,28.4
17850.4,0.03,17820.6,0.01,Gate.io,BTC/USDT,2022-11-09T11:22:37.279Z,29.8
17850.5,0.02,17818.8,0,Gate.io,BTC/USDT,2022-11-09T11:22:37.279Z,31.7
17850.8,0.01,17817,0.07,Gate.io,BTC/USDT,2022-11-09T11:22:37.279Z,33.8
17854.1,0,17815,0,Gate.io,BTC/USDT,2022-11-09T11:22:37.279Z,39.1
17856.4,0.06,17814.9,0.04,Gate.io,BTC/USDT,2022-11-09T11:22:37.279Z,41.5
17856.9,0.03,17814.5,0.03,Gate.io,BTC/USDT,2022-11-09T11:22:37.279Z,42.4
17857.4,0.5,17813,0.01,Gate.io,BTC/USDT,2022-11-09T11:22:37.279Z,44.4
17857.9,0.02,17811.7,1.42,Gate.io,BTC/USDT,2022-11-09T11:22:37.279Z,46.2
17840.06,0.01,17839.99,0.08,Bitget,BTC/USDT,2022-11-09T11:22:48.830Z,0.07
17840.79,0.07,17839.96,0.07,Bitget,BTC/USDT,2022-11-09T11:22:48.830Z,0.83
17840.8,0.99,17839.94,0.16,Bitget,BTC/USDT,2022-11-09T11:22:48.830Z,0.86
17841.26,0.01,17839.61,0.1,Bitget,BTC/USDT,2022-11-09T11:22:48.830Z,1.65
17841.36,0.02,17839.41,0.08,Bitget,BTC/USDT,2022-11-09T11:22:48.830Z,1.95
17841.56,0.01,17833.55,0.03,Bitget,BTC/USDT,2022-11-09T11:22:48.830Z,8.01
17841.68,0.01,17833.4,0.04,Bitget,BTC/USDT,2022-11-09T11:22:48.830Z,8.28
17841.84,0.22,17833.25,0.12,Bitget,BTC/USDT,2022-11-09T11:22:48.830Z,8.59
17841.85,2.09,17833.1,0.31,Bitget,BTC/USDT,2022-11-09T11:22:48.830Z,8.75
17842.06,0.93,17833.09,0.84,Bitget,BTC/USDT,2022-11-09T11:22:48.830Z,8.97
17842.58,2.58,17832.79,0.1,Bitget,BTC/USDT,2022-11-09T11:22:48.830Z,9.79
17842.63,0.01,17832.64,16.73,Bitget,BTC/USDT,2022-11-09T11:22:48.830Z,9.99
17842.73,0.62,17832.63,0.01,Bitget,BTC/USDT,2022-11-09T11:22:48.830Z,10.1
17842.96,0.01,17832.58,1.17,Bitget,BTC/USDT,2022-11-09T11:22:48.830Z,10.38
17843.43,0.01,17832.34,1.08,Bitget,BTC/USDT,2022-11-09T11:22:48.830Z,11.09
17843.47,2.06,17832.24,0.4,Bitget,BTC/USDT,2022-11-09T11:22:48.830Z,11.23
17843.85,0.38,17832.14,9.03,Bitget,BTC/USDT,2022-11-09T11:22:48.830Z,11.71
17844.37,0.23,17832.06,1.28,Bitget,BTC/USDT,2022-11-09T11:22:48.830Z,12.31
17845.24,1.23,17831.84,0.1,Bitget,BTC/USDT,2022-11-09T11:22:48.830Z,13.4
17845.25,0.91,17831.74,1.17,Bitget,BTC/USDT,2022-11-09T11:22:48.830Z,13.51
17837.6,0.07,17837.55,0.27,BitMart,BTC/USDT,2022-11-09T11:23:01.227Z,0.05
17837.71,0.11,17836.8,0.24,BitMart,BTC/USDT,2022-11-09T11:23:01.227Z,0.91
17838.99,0.25,17836.69,0.27,BitMart,BTC/USDT,2022-11-09T11:23:01.227Z,2.3
17839.81,0.14,17836.59,0.29,BitMart,BTC/USDT,2022-11-09T11:23:01.227Z,3.22
17839.97,0,17836.48,0.29,BitMart,BTC/USDT,2022-11-09T11:23:01.227Z,3.49
17840.85,0.05,17836.37,0.29,BitMart,BTC/USDT,2022-11-09T11:23:01.227Z,4.48
17840.87,0.11,17836.34,0,BitMart,BTC/USDT,2022-11-09T11:23:01.227Z,4.53
17850.72,3.16,17835.84,0.26,BitMart,BTC/USDT,2022-11-09T11:23:01.227Z,14.88
17853.06,3.63,17835.73,0.14,BitMart,BTC/USDT,2022-11-09T11:23:01.227Z,17.33
17855.74,2.07,17835.52,0.08,BitMart,BTC/USDT,2022-11-09T11:23:01.227Z,20.22
17859.98,2.87,17833.99,2.76,BitMart,BTC/USDT,2022-11-09T11:23:01.227Z,25.99
17862.65,1.2,17833.49,0.21,BitMart,BTC/USDT,2022-11-09T11:23:01.227Z,29.16
17866.11,1.76,17833.32,0.14,BitMart,BTC/USDT,2022-11-09T11:23:01.227Z,32.79
17869.45,2.54,17833.21,0.29,BitMart,BTC/USDT,2022-11-09T11:23:01.227Z,36.24
17872.13,1.76,17833.11,0.24,BitMart,BTC/USDT,2022-11-09T11:23:01.227Z,39.02
17874.15,0.89,17833,0.25,BitMart,BTC/USDT,2022-11-09T11:23:01.227Z,41.15
17876.82,3.7,17832.95,0.22,BitMart,BTC/USDT,2022-11-09T11:23:01.227Z,43.87
17877.34,3.19,17831.93,0.14,BitMart,BTC/USDT,2022-11-09T11:23:01.227Z,45.41
17881.06,1.25,17830.17,2.67,BitMart,BTC/USDT,2022-11-09T11:23:01.227Z,50.89
17885.2,1.71,17827.31,3.16,BitMart,BTC/USDT,2022-11-09T11:23:01.227Z,57.89
17829.3,0.02,17825.8,0,Gate.io,BTC/USDT,2022-11-09T11:23:11.861Z,3.5
17829.4,0,17824.6,0,Gate.io,BTC/USDT,2022-11-09T11:23:11.861Z,4.8
17834.8,0.09,17823.8,0.01,Gate.io,BTC/USDT,2022-11-09T11:23:11.861Z,11
17836.8,0,17823.6,0,Gate.io,BTC/USDT,2022-11-09T11:23:11.861Z,13.2
17836.9,0.15,17822.6,0,Gate.io,BTC/USDT,2022-11-09T11:23:11.861Z,14.3
17837.6,2.04,17821.6,0.01,Gate.io,BTC/USDT,2022-11-09T11:23:11.861Z,16
17839.7,0.07,17820.6,0.01,Gate.io,BTC/USDT,2022-11-09T11:23:11.861Z,19.1
17841.7,0,17817.6,0,Gate.io,BTC/USDT,2022-11-09T11:23:11.861Z,24.1
17843.3,0,17817.4,0.01,Gate.io,BTC/USDT,2022-11-09T11:23:11.861Z,25.9
17845.2,0.05,17817.3,0,Gate.io,BTC/USDT,2022-11-09T11:23:11.861Z,27.9
17845.5,0.86,17815.2,0,Gate.io,BTC/USDT,2022-11-09T11:23:11.861Z,30.3
17847.7,2.75,17814.3,0.02,Gate.io,BTC/USDT,2022-11-09T11:23:11.861Z,33.4
17847.9,0,17813,0,Gate.io,BTC/USDT,2022-11-09T11:23:11.861Z,34.9
17849.1,0.03,17812.7,0.01,Gate.io,BTC/USDT,2022-11-09T11:23:11.861Z,36.4
17850.8,0,17812,0.09,Gate.io,BTC/USDT,2022-11-09T11:23:11.861Z,38.8
17851.7,0.03,17811.7,0.01,Gate.io,BTC/USDT,2022-11-09T11:23:11.861Z,40
17852.4,0.09,17811.5,0.69,Gate.io,BTC/USDT,2022-11-09T11:23:11.861Z,40.9
17853.2,0.05,17810.1,0,Gate.io,BTC/USDT,2022-11-09T11:23:11.861Z,43.1
17853.4,0.2,17809.5,0.04,Gate.io,BTC/USDT,2022-11-09T11:23:11.861Z,43.9
17854.2,0.11,17809.4,0.03,Gate.io,BTC/USDT,2022-11-09T11:23:11.861Z,44.8
17808.58,0.02,17805.21,0.14,Bitget,BTC/USDT,2022-11-09T11:23:22.873Z,3.37
17808.73,0.04,17804.79,0.1,Bitget,BTC/USDT,2022-11-09T11:23:22.873Z,3.94
17808.76,0,17804.07,0.35,Bitget,BTC/USDT,2022-11-09T11:23:22.873Z,4.69
17808.88,0.11,17804.06,0.67,Bitget,BTC/USDT,2022-11-09T11:23:22.873Z,4.82
17809.03,0.28,17804.05,0.11,Bitget,BTC/USDT,2022-11-09T11:23:22.873Z,4.98
17809.04,0.1,17802,1.42,Bitget,BTC/USDT,2022-11-09T11:23:22.873Z,7.04
17809.23,0.5,17801.51,0.01,Bitget,BTC/USDT,2022-11-09T11:23:22.873Z,7.72
17809.26,0.17,17801.36,0.01,Bitget,BTC/USDT,2022-11-09T11:23:22.873Z,7.9
17809.35,0.07,17801.21,0.01,Bitget,BTC/USDT,2022-11-09T11:23:22.873Z,8.14
17809.36,0.1,17801.06,0.01,Bitget,BTC/USDT,2022-11-09T11:23:22.873Z,8.3
17809.46,0.2,17800.91,0.08,Bitget,BTC/USDT,2022-11-09T11:23:22.873Z,8.55
17809.54,0.12,17800.87,0.24,Bitget,BTC/USDT,2022-11-09T11:23:22.873Z,8.67
17809.64,0.03,17800.54,0.25,Bitget,BTC/USDT,2022-11-09T11:23:22.873Z,9.1
17809.75,0.84,17800.49,0.78,Bitget,BTC/USDT,2022-11-09T11:23:22.873Z,9.26
17809.78,0.01,17800.48,0.27,Bitget,BTC/USDT,2022-11-09T11:23:22.873Z,9.3
17809.88,0.01,17800.44,2.24,Bitget,BTC/USDT,2022-11-09T11:23:22.873Z,9.44
17810.06,0.2,17800.41,0.01,Bitget,BTC/USDT,2022-11-09T11:23:22.873Z,9.65
17810.16,0.24,17800.34,0.01,Bitget,BTC/USDT,2022-11-09T11:23:22.873Z,9.82
17810.36,0.01,17800.24,0.16,Bitget,BTC/USDT,2022-11-09T11:23:22.873Z,10.12
17810.37,0.01,17800,0,Bitget,BTC/USDT,2022-11-09T11:23:22.873Z,10.37
17808.53,0.02,17808.31,0.22,BitMart,BTC/USDT,2022-11-09T11:23:33.938Z,0.22
17808.54,0.02,17807.9,0.02,BitMart,BTC/USDT,2022-11-09T11:23:33.938Z,0.64
17808.69,0.03,17807.89,0.02,BitMart,BTC/USDT,2022-11-09T11:23:33.938Z,0.8
17810.34,0.1,17807.88,0.3,BitMart,BTC/USDT,2022-11-09T11:23:33.938Z,2.46
17810.44,0.1,17807.56,0.13,BitMart,BTC/USDT,2022-11-09T11:23:33.938Z,2.88
17810.76,0.22,17806.92,0.27,BitMart,BTC/USDT,2022-11-09T11:23:33.938Z,3.84
17810.87,0.07,17805.95,0.22,BitMart,BTC/USDT,2022-11-09T11:23:33.938Z,4.92
17810.98,0.23,17801.83,3.56,BitMart,BTC/USDT,2022-11-09T11:23:33.938Z,9.15
17813.22,0.21,17799.13,3.03,BitMart,BTC/USDT,2022-11-09T11:23:33.938Z,14.09
17813.33,0.18,17796.46,2.61,BitMart,BTC/USDT,2022-11-09T11:23:33.938Z,16.87
17813.44,0.22,17792.04,2.07,BitMart,BTC/USDT,2022-11-09T11:23:33.938Z,21.4
17813.54,0.3,17791.36,1.55,BitMart,BTC/USDT,2022-11-09T11:23:33.938Z,22.18
17813.76,0.13,17788.68,1.75,BitMart,BTC/USDT,2022-11-09T11:23:33.938Z,25.08
17817.24,3.1,17786.01,2.59,BitMart,BTC/USDT,2022-11-09T11:23:33.938Z,31.23
17820.47,0.92,17782.1,2.15,BitMart,BTC/USDT,2022-11-09T11:23:33.938Z,38.37
17822.59,2.45,17779.43,3.39,BitMart,BTC/USDT,2022-11-09T11:23:33.938Z,43.16
17825.26,2.22,17778.49,2.32,BitMart,BTC/USDT,2022-11-09T11:23:33.938Z,46.77
17827.46,3.61,17775.77,3.47,BitMart,BTC/USDT,2022-11-09T11:23:33.938Z,51.69
17830.13,1.21,17773.1,3.41,BitMart,BTC/USDT,2022-11-09T11:23:33.938Z,57.03
17832.8,3.27,17773.04,2.43,BitMart,BTC/USDT,2022-11-09T11:23:33.938Z,59.76
17792.7,0.03,17788.8,0.01,Gate.io,BTC/USDT,2022-11-09T11:23:43.736Z,3.9
17792.8,0,17787.3,0,Gate.io,BTC/USDT,2022-11-09T11:23:43.736Z,5.5
17794.1,0.03,17786.1,0.01,Gate.io,BTC/USDT,2022-11-09T11:23:43.736Z,8
17796.2,1.58,17783.4,0.03,Gate.io,BTC/USDT,2022-11-09T11:23:43.736Z,12.8
17796.3,0,17781.2,0.01,Gate.io,BTC/USDT,2022-11-09T11:23:43.736Z,15.1
17798.5,0,17780.8,0.01,Gate.io,BTC/USDT,2022-11-09T11:23:43.736Z,17.7
17800.6,0.06,17780.1,0,Gate.io,BTC/USDT,2022-11-09T11:23:43.736Z,20.5
17801.2,0,17779.8,0.02,Gate.io,BTC/USDT,2022-11-09T11:23:43.736Z,21.4
17801.5,0,17777.8,1.42,Gate.io,BTC/USDT,2022-11-09T11:23:43.736Z,23.7
17801.6,0.09,17777.2,0.07,Gate.io,BTC/USDT,2022-11-09T11:23:43.736Z,24.4
17804.2,0.01,17777,0.01,Gate.io,BTC/USDT,2022-11-09T11:23:43.736Z,27.2
17805.1,0.24,17776.6,0,Gate.io,BTC/USDT,2022-11-09T11:23:43.736Z,28.5
17806,2.37,17775.9,0.03,Gate.io,BTC/USDT,2022-11-09T11:23:43.736Z,30.1
17807.4,0,17775,0.06,Gate.io,BTC/USDT,2022-11-09T11:23:43.736Z,32.4
17808.4,1.42,17773.5,0.01,Gate.io,BTC/USDT,2022-11-09T11:23:43.736Z,34.9
17808.5,0.03,17771.7,0.16,Gate.io,BTC/USDT,2022-11-09T11:23:43.736Z,36.8
17810.6,0.01,17771.6,2.73,Gate.io,BTC/USDT,2022-11-09T11:23:43.736Z,39
17812.5,0.01,17770,0.01,Gate.io,BTC/USDT,2022-11-09T11:23:43.736Z,42.5
17812.6,0.06,17769.1,0.04,Gate.io,BTC/USDT,2022-11-09T11:23:43.736Z,43.5
17813.1,0.03,17766.4,0.09,Gate.io,BTC/USDT,2022-11-09T11:23:43.736Z,46.7
17789.63,0.01,17784.76,0.1,Bitget,BTC/USDT,2022-11-09T11:23:55.860Z,4.87
17789.99,0.01,17784.75,0.14,Bitget,BTC/USDT,2022-11-09T11:23:55.860Z,5.24
17790.14,0.05,17784.69,0.27,Bitget,BTC/USDT,2022-11-09T11:23:55.860Z,5.45
17790.17,9.82,17783.33,0.01,Bitget,BTC/USDT,2022-11-09T11:23:55.860Z,6.84
17790.18,0.01,17782.97,0.04,Bitget,BTC/USDT,2022-11-09T11:23:55.860Z,7.21
17790.22,0.01,17782.82,0.48,Bitget,BTC/USDT,2022-11-09T11:23:55.860Z,7.4
17790.39,0.03,17782.54,0.5,Bitget,BTC/USDT,2022-11-09T11:23:55.860Z,7.85
17790.49,0.17,17782.53,0.83,Bitget,BTC/USDT,2022-11-09T11:23:55.860Z,7.96
17790.81,0.02,17782.5,0.01,Bitget,BTC/USDT,2022-11-09T11:23:55.860Z,8.31
17791.17,0.01,17782.43,0.99,Bitget,BTC/USDT,2022-11-09T11:23:55.860Z,8.74
17791.38,0.01,17782.14,0.01,Bitget,BTC/USDT,2022-11-09T11:23:55.860Z,9.24
17791.79,0.01,17781.86,0.01,Bitget,BTC/USDT,2022-11-09T11:23:55.860Z,9.93
