Ask,AVolume,Bid,BVolume,Exchange,Ticker,TimeStamp,Spread,Levels,Closes
287.64,0.49,287.46,0.39,BitMart,BNB/USDT,2022-11-11T19:17:35.659Z,0.18,20,287
287.65,0.29,287.45,0.3,BitMart,BNB/USDT,2022-11-11T19:17:35.659Z,0.2,20,287.24
287.67,0.59,287.43,0.21,BitMart,BNB/USDT,2022-11-11T19:17:35.659Z,0.24,20,287.15
287.68,0.51,287.42,0.34,BitMart,BNB/USDT,2022-11-11T19:17:35.659Z,0.26,20,286.08
287.69,0.38,287.4,0.14,BitMart,BNB/USDT,2022-11-11T19:17:35.659Z,0.29,20,285.3
287.71,0.14,287.39,0.39,BitMart,BNB/USDT,2022-11-11T19:17:35.659Z,0.32,20,285.3
287.72,0.27,287.38,0.53,BitMart,BNB/USDT,2022-11-11T19:17:35.659Z,0.34,20,285.6
287.74,0.62,287.36,0.62,BitMart,BNB/USDT,2022-11-11T19:17:35.659Z,0.38,20,286.5
287.75,0.45,287.35,0.43,BitMart,BNB/USDT,2022-11-11T19:17:35.659Z,0.4,20,285.94
287.77,0.19,287.33,0.48,BitMart,BNB/USDT,2022-11-11T19:17:35.659Z,0.44,20,286.15
287.78,0.28,287.32,0.5,BitMart,BNB/USDT,2022-11-11T19:17:35.659Z,0.46,20,286.04
287.79,0.4,287.3,0.61,BitMart,BNB/USDT,2022-11-11T19:17:35.659Z,0.49,20,286
287.81,0.49,287.29,0.43,BitMart,BNB/USDT,2022-11-11T19:17:35.659Z,0.52,20,286
287.82,0.56,287.28,0.61,BitMart,BNB/USDT,2022-11-11T19:17:35.659Z,0.54,20,287.26
287.84,0.36,287.26,0.53,BitMart,BNB/USDT,2022-11-11T19:17:35.659Z,0.58,20,286.9
287.85,0.46,287.25,0.2,BitMart,BNB/USDT,2022-11-11T19:17:35.659Z,0.6,20,286.5
287.87,0.5,287.23,0.29,BitMart,BNB/USDT,2022-11-11T19:17:35.659Z,0.64,20,286.5
287.89,0.25,287.22,0.25,BitMart,BNB/USDT,2022-11-11T19:17:35.659Z,0.67,20,286.8
287.91,0.22,287.2,0.17,BitMart,BNB/USDT,2022-11-11T19:17:35.659Z,0.71,20,287.3
287.92,0.44,287.19,0.38,BitMart,BNB/USDT,2022-11-11T19:17:35.659Z,0.73,20,287.64
287.4,0.1674,287.28,0.3854,Gate.io,BNB/USDT,2022-11-11T19:17:49.454Z,0.12,20,287
287.47,0.1708,287.24,3.6321,Gate.io,BNB/USDT,2022-11-11T19:17:49.454Z,0.23,20,287.12
287.53,0.0083,287.23,3.632,Gate.io,BNB/USDT,2022-11-11T19:17:49.454Z,0.3,20,286.84
287.55,0.154,287.21,4.8142,Gate.io,BNB/USDT,2022-11-11T19:17:49.454Z,0.34,20,285.82
287.62,20.7448,287.15,1.769,Gate.io,BNB/USDT,2022-11-11T19:17:49.454Z,0.47,20,285.1
287.63,0.1429,287.11,0.0042,Gate.io,BNB/USDT,2022-11-11T19:17:49.454Z,0.52,20,285.22
287.68,17.9102,287.1,14.2945,Gate.io,BNB/USDT,2022-11-11T19:17:49.454Z,0.58,20,285.88
287.6813,0.832,287.09,9.6923,Gate.io,BNB/USDT,2022-11-11T19:17:49.454Z,0.5913,20,286.32
287.7,0.1489,287.07,1.748,Gate.io,BNB/USDT,2022-11-11T19:17:49.454Z,0.63,20,285.65
287.75,4.8142,287.06,7,Gate.io,BNB/USDT,2022-11-11T19:17:49.454Z,0.69,20,285.98
287.77,3.9583,287.04,19.961,Gate.io,BNB/USDT,2022-11-11T19:17:49.454Z,0.73,20,285.97
287.78,9.6923,286.89,27.8852,Gate.io,BNB/USDT,2022-11-11T19:17:49.454Z,0.89,20,285.8
287.79,0.058,286.84,5.4495,Gate.io,BNB/USDT,2022-11-11T19:17:49.454Z,0.95,20,286.11
287.87,3.6321,286.73,6.9609,Gate.io,BNB/USDT,2022-11-11T19:17:49.454Z,1.14,20,287.03
287.93,0.014,286.71,1.5655,Gate.io,BNB/USDT,2022-11-11T19:17:49.454Z,1.22,20,286.94
287.94,0.0081,286.64,6.9594,Gate.io,BNB/USDT,2022-11-11T19:17:49.454Z,1.3,20,286.49
287.96,16.0795,286.55,10,Gate.io,BNB/USDT,2022-11-11T19:17:49.454Z,1.41,20,286.58
287.97,1.747,286.517,1.112,Gate.io,BNB/USDT,2022-11-11T19:17:49.454Z,1.453,20,287.04
288,0.0119,286.47,3.632,Gate.io,BNB/USDT,2022-11-11T19:17:49.454Z,1.53,20,287.06
288.07,0.0069,286.4,57.7935,Gate.io,BNB/USDT,2022-11-11T19:17:49.454Z,1.67,20,287.4
287.77,0.3477,287.41,0.4203,Bitget,BNB/USDT,2022-11-11T19:18:03.935Z,0.36,20,287.11
287.8,0.3477,287.38,0.6858,Bitget,BNB/USDT,2022-11-11T19:18:03.935Z,0.42,20,286.92
287.81,0.3802,287.33,38.612,Bitget,BNB/USDT,2022-11-11T19:18:03.935Z,0.48,20,286.17
287.87,2.9843,287.31,1.2021,Bitget,BNB/USDT,2022-11-11T19:18:03.935Z,0.56,20,285.47
287.95,0.3475,287.27,0.9833,Bitget,BNB/USDT,2022-11-11T19:18:03.935Z,0.68,20,285.42
287.96,0.3475,287.24,1.2868,Bitget,BNB/USDT,2022-11-11T19:18:03.935Z,0.72,20,285.66
287.97,40.4088,287.23,35.9982,Bitget,BNB/USDT,2022-11-11T19:18:03.935Z,0.74,20,286.18
287.99,1.7493,287.18,31.3912,Bitget,BNB/USDT,2022-11-11T19:18:03.935Z,0.81,20,285.73
288,35.8297,287.15,35.7855,Bitget,BNB/USDT,2022-11-11T19:18:03.935Z,0.85,20,286
288.02,0.0593,287.13,47.6212,Bitget,BNB/USDT,2022-11-11T19:18:03.935Z,0.89,20,286
288.03,39.3893,287.12,33.5094,Bitget,BNB/USDT,2022-11-11T19:18:03.935Z,0.91,20,285.89
288.04,3.5949,287.1,0.3483,Bitget,BNB/USDT,2022-11-11T19:18:03.935Z,0.94,20,286.03
288.06,37.8719,287.09,35.2165,Bitget,BNB/USDT,2022-11-11T19:18:03.935Z,0.97,20,286.88
288.07,86.9973,287.08,4.7661,Bitget,BNB/USDT,2022-11-11T19:18:03.935Z,0.99,20,286.79
288.09,24.2153,287.06,36.5442,Bitget,BNB/USDT,2022-11-11T19:18:03.935Z,1.03,20,286.57
288.11,29.2248,287.04,1.3135,Bitget,BNB/USDT,2022-11-11T19:18:03.935Z,1.07,20,286.54
288.12,38.0616,287.03,91.3827,Bitget,BNB/USDT,2022-11-11T19:18:03.935Z,1.09,20,286.82
288.14,3.5949,287.01,10.2388,Bitget,BNB/USDT,2022-11-11T19:18:03.935Z,1.13,20,287.36
288.15,25.543,287,25.1637,Bitget,BNB/USDT,2022-11-11T19:18:03.935Z,1.15,20,287.45
288.16,0.6336,286.99,2.4068,Bitget,BNB/USDT,2022-11-11T19:18:03.935Z,1.17,20,287.45
287.65,1.07,287.56,0.16,BitMart,BNB/USDT,2022-11-11T19:18:15.704Z,0.09,20,287.24
287.74,0.62,287.55,0.58,BitMart,BNB/USDT,2022-11-11T19:18:15.704Z,0.19,20,287.15
287.75,0.45,287.53,0.15,BitMart,BNB/USDT,2022-11-11T19:18:15.704Z,0.22,20,286.08
287.77,0.19,287.52,0.37,BitMart,BNB/USDT,2022-11-11T19:18:15.704Z,0.25,20,285.3
287.78,0.28,287.51,0.43,BitMart,BNB/USDT,2022-11-11T19:18:15.704Z,0.27,20,285.3
287.79,0.4,287.49,0.54,BitMart,BNB/USDT,2022-11-11T19:18:15.704Z,0.3,20,285.6
287.81,0.49,287.48,0.53,BitMart,BNB/USDT,2022-11-11T19:18:15.704Z,0.33,20,286.5
287.82,0.56,287.46,0.23,BitMart,BNB/USDT,2022-11-11T19:18:15.704Z,0.36,20,285.94
287.84,0.36,287.45,0.24,BitMart,BNB/USDT,2022-11-11T19:18:15.704Z,0.39,20,286.15
287.85,0.46,287.43,0.47,BitMart,BNB/USDT,2022-11-11T19:18:15.704Z,0.42,20,286.04
287.87,0.5,287.42,0.52,BitMart,BNB/USDT,2022-11-11T19:18:15.704Z,0.45,20,286
287.88,0.2,287.41,0.6,BitMart,BNB/USDT,2022-11-11T19:18:15.704Z,0.47,20,286
287.89,0.39,287.39,0.59,BitMart,BNB/USDT,2022-11-11T19:18:15.704Z,0.5,20,287.26
287.9,0.54,287.38,0.48,BitMart,BNB/USDT,2022-11-11T19:18:15.704Z,0.52,20,286.9
287.91,0.55,287.36,0.62,BitMart,BNB/USDT,2022-11-11T19:18:15.704Z,0.55,20,286.5
287.92,0.35,287.35,0.43,BitMart,BNB/USDT,2022-11-11T19:18:15.704Z,0.57,20,286.5
287.94,0.4,287.33,0.48,BitMart,BNB/USDT,2022-11-11T19:18:15.704Z,0.61,20,286.8
287.95,0.4,287.32,0.5,BitMart,BNB/USDT,2022-11-11T19:18:15.704Z,0.63,20,287.3
287.97,0.16,287.3,0.61,BitMart,BNB/USDT,2022-11-11T19:18:15.704Z,0.67,20,287.64
287.98,0.31,287.29,0.43,BitMart,BNB/USDT,2022-11-11T19:18:15.704Z,0.69,20,287.65
287.64,2.336,287.63,0.2321,Gate.io,BNB/USDT,2022-11-11T19:18:27.211Z,0.01,20,287.12
287.65,0.1632,287.48,0.3854,Gate.io,BNB/USDT,2022-11-11T19:18:27.211Z,0.17,20,286.84
287.6675,0.664,287.44,3.6289,Gate.io,BNB/USDT,2022-11-11T19:18:27.211Z,0.2275,20,285.82
287.71,0.1647,287.42,0.1672,Gate.io,BNB/USDT,2022-11-11T19:18:27.211Z,0.29,20,285.1
287.77,0.1536,287.4,0.0084,Gate.io,BNB/USDT,2022-11-11T19:18:27.211Z,0.37,20,285.22
287.79,0.058,287.39,4.8142,Gate.io,BNB/USDT,2022-11-11T19:18:27.211Z,0.4,20,285.88
287.81,19.8716,287.37,1.751,Gate.io,BNB/USDT,2022-11-11T19:18:27.211Z,0.44,20,286.32
287.82,0.0042,287.35,0.1595,Gate.io,BNB/USDT,2022-11-11T19:18:27.211Z,0.47,20,285.65
287.89,4.8142,287.29,17.9234,Gate.io,BNB/USDT,2022-11-11T19:18:27.211Z,0.6,20,285.98
287.93,0.014,287.28,1.735,Gate.io,BNB/USDT,2022-11-11T19:18:27.211Z,0.65,20,285.97
287.94,0.0081,287.27,15.8507,Gate.io,BNB/USDT,2022-11-11T19:18:27.211Z,0.67,20,285.8
287.97,3.6292,287.14,27.8609,Gate.io,BNB/USDT,2022-11-11T19:18:27.211Z,0.83,20,286.11
287.98,1.754,287.09,19.961,Gate.io,BNB/USDT,2022-11-11T19:18:27.211Z,0.89,20,287.03
288,0.0119,287.01,6.9541,Gate.io,BNB/USDT,2022-11-11T19:18:27.211Z,0.99,20,286.94
288.03,9.6923,286.88,6.9548,Gate.io,BNB/USDT,2022-11-11T19:18:27.211Z,1.15,20,286.49
288.06,1.753,286.84,5.4495,Gate.io,BNB/USDT,2022-11-11T19:18:27.211Z,1.22,20,286.58
288.07,3.6362,286.71,1.5655,Gate.io,BNB/USDT,2022-11-11T19:18:27.211Z,1.36,20,287.04
288.08,14.2945,286.65,10,Gate.io,BNB/USDT,2022-11-11T19:18:27.211Z,1.43,20,287.06
288.09,0.0153,286.5463,0.752,Gate.io,BNB/USDT,2022-11-11T19:18:27.211Z,1.5437,20,287.4
288.1,0.0088,286.47,3.632,Gate.io,BNB/USDT,2022-11-11T19:18:27.211Z,1.63,20,287.4
287.84,1.881,287.5,0.3478,Bitget,BNB/USDT,2022-11-11T19:18:39.040Z,0.34,20,287.11
287.87,3.069,287.47,0.4841,Bitget,BNB/USDT,2022-11-11T19:18:39.040Z,0.4,20,286.92
287.94,0.3475,287.46,0.3478,Bitget,BNB/USDT,2022-11-11T19:18:39.040Z,0.48,20,286.17
287.96,0.3475,287.43,30.292,Bitget,BNB/USDT,2022-11-11T19:18:39.040Z,0.53,20,285.47
287.97,35.5905,287.42,1.1167,Bitget,BNB/USDT,2022-11-11T19:18:39.040Z,0.55,20,285.42
287.99,0.3475,287.37,7.7369,Bitget,BNB/USDT,2022-11-11T19:18:39.040Z,0.62,20,285.66
288.02,0.3474,287.33,39.9732,Bitget,BNB/USDT,2022-11-11T19:18:39.040Z,0.69,20,286.18
288.06,10.7962,287.31,6.0756,Bitget,BNB/USDT,2022-11-11T19:18:39.040Z,0.75,20,285.73
288.07,105.8914,287.27,0.9833,Bitget,BNB/USDT,2022-11-11T19:18:39.040Z,0.8,20,286
288.08,24.944,287.26,25.7217,Bitget,BNB/USDT,2022-11-11T19:18:39.040Z,0.82,20,286
288.11,36.3493,287.25,1.2356,Bitget,BNB/USDT,2022-11-11T19:18:39.040Z,0.86,20,285.89
288.12,1.7206,287.23,64.705,Bitget,BNB/USDT,2022-11-11T19:18:39.040Z,0.89,20,286.03
288.14,39.9413,287.22,1.7226,Bitget,BNB/USDT,2022-11-11T19:18:39.040Z,0.92,20,286.88
288.16,3.2106,287.21,3.5937,Bitget,BNB/USDT,2022-11-11T19:18:39.040Z,0.95,20,286.79
288.17,75.4023,287.2,24.0154,Bitget,BNB/USDT,2022-11-11T19:18:39.040Z,0.97,20,286.57
288.18,23.3165,287.18,1.8623,Bitget,BNB/USDT,2022-11-11T19:18:39.040Z,1,20,286.54
288.19,1.2941,287.17,22.309,Bitget,BNB/USDT,2022-11-11T19:18:39.040Z,1.02,20,286.82
288.2,37.6511,287.14,34.6327,Bitget,BNB/USDT,2022-11-11T19:18:39.040Z,1.06,20,287.36
288.21,8.5546,287.13,73.8223,Bitget,BNB/USDT,2022-11-11T19:18:39.040Z,1.08,20,287.45
288.22,0.8758,287.12,3.5926,Bitget,BNB/USDT,2022-11-11T19:18:39.040Z,1.1,20,287.45
287.84,0.61,287.66,0.26,BitMart,BNB/USDT,2022-11-11T19:18:52.148Z,0.18,20,287.24
287.85,0.3,287.65,0.5,BitMart,BNB/USDT,2022-11-11T19:18:52.148Z,0.2,20,287.15
287.87,0.47,287.63,0.42,BitMart,BNB/USDT,2022-11-11T19:18:52.148Z,0.24,20,286.08
287.88,0.5,287.62,0.21,BitMart,BNB/USDT,2022-11-11T19:18:52.148Z,0.26,20,285.3
287.89,0.4,287.61,0.41,BitMart,BNB/USDT,2022-11-11T19:18:52.148Z,0.28,20,285.3
287.91,0.37,287.59,0.55,BitMart,BNB/USDT,2022-11-11T19:18:52.148Z,0.32,20,285.6
287.92,0.41,287.58,0.22,BitMart,BNB/USDT,2022-11-11T19:18:52.148Z,0.34,20,286.5
287.94,0.4,287.56,0.21,BitMart,BNB/USDT,2022-11-11T19:18:52.148Z,0.38,20,285.94
287.95,0.4,287.55,0.39,BitMart,BNB/USDT,2022-11-11T19:18:52.148Z,0.4,20,286.15
287.97,0.16,287.53,0.53,BitMart,BNB/USDT,2022-11-11T19:18:52.148Z,0.44,20,286.04
287.98,0.31,287.52,0.62,BitMart,BNB/USDT,2022-11-11T19:18:52.148Z,0.46,20,286
288,0.54,287.51,0.4,BitMart,BNB/USDT,2022-11-11T19:18:52.148Z,0.49,20,286
288.01,0.36,287.49,0.25,BitMart,BNB/USDT,2022-11-11T19:18:52.148Z,0.52,20,287.26
288.02,0.28,287.48,0.4,BitMart,BNB/USDT,2022-11-11T19:18:52.148Z,0.54,20,286.9
288.04,0.35,287.46,0.23,BitMart,BNB/USDT,2022-11-11T19:18:52.148Z,0.58,20,286.5
288.05,0.42,287.45,0.24,BitMart,BNB/USDT,2022-11-11T19:18:52.148Z,0.6,20,286.5
288.07,0.4,287.43,0.47,BitMart,BNB/USDT,2022-11-11T19:18:52.148Z,0.64,20,286.8
288.08,0.31,287.42,0.52,BitMart,BNB/USDT,2022-11-11T19:18:52.148Z,0.66,20,287.3
288.1,0.17,287.41,0.14,BitMart,BNB/USDT,2022-11-11T19:18:52.148Z,0.69,20,287.64
288.11,0.49,287.39,0.42,BitMart,BNB/USDT,2022-11-11T19:18:52.148Z,0.72,20,287.65
287.63,0.1418,287.45,0.3854,Gate.io,BNB/USDT,2022-11-11T19:19:03.554Z,0.18,20,286.84
287.6924,0.968,287.4,0.0084,Gate.io,BNB/USDT,2022-11-11T19:19:03.554Z,0.2924,20,285.82
287.71,0.1645,287.39,1.757,Gate.io,BNB/USDT,2022-11-11T19:19:03.554Z,0.32,20,285.1
287.77,0.1536,287.38,3.6296,Gate.io,BNB/USDT,2022-11-11T19:19:03.554Z,0.39,20,285.22
287.79,0.058,287.35,0.1595,Gate.io,BNB/USDT,2022-11-11T19:19:03.554Z,0.44,20,285.88
287.82,0.0042,287.34,3.63,Gate.io,BNB/USDT,2022-11-11T19:19:03.554Z,0.48,20,286.32
287.89,4.8142,287.33,4.8142,Gate.io,BNB/USDT,2022-11-11T19:19:03.554Z,0.56,20,285.65
287.93,0.014,287.27,11.5627,Gate.io,BNB/USDT,2022-11-11T19:19:03.554Z,0.66,20,285.98
287.94,0.0081,287.22,5,Gate.io,BNB/USDT,2022-11-11T19:19:03.554Z,0.72,20,285.97
288,1.7209,287.14,14.2945,Gate.io,BNB/USDT,2022-11-11T19:19:03.554Z,0.86,20,285.8
288.03,9.6923,287.13,1.778,Gate.io,BNB/USDT,2022-11-11T19:19:03.554Z,0.9,20,286.11
288.07,0.0069,287.09,19.961,Gate.io,BNB/USDT,2022-11-11T19:19:03.554Z,0.98,20,287.03
288.08,17.9242,287.04,5.4453,Gate.io,BNB/USDT,2022-11-11T19:19:03.554Z,1.04,20,286.94
288.09,0.0153,286.94,6.9558,Gate.io,BNB/USDT,2022-11-11T19:19:03.554Z,1.15,20,286.49
288.1,1.7758,286.9,27.8842,Gate.io,BNB/USDT,2022-11-11T19:19:03.554Z,1.2,20,286.58
288.24,1.565,286.8,6.9558,Gate.io,BNB/USDT,2022-11-11T19:19:03.554Z,1.44,20,287.04
288.28,0.0067,286.77,1.565,Gate.io,BNB/USDT,2022-11-11T19:19:03.554Z,1.51,20,287.06
288.33,0.2,286.65,10,Gate.io,BNB/USDT,2022-11-11T19:19:03.554Z,1.68,20,287.4
288.41,19.961,286.5008,1.312,Gate.io,BNB/USDT,2022-11-11T19:19:03.554Z,1.9092,20,287.4
288.46,0.9289,286.4,57.7935,Gate.io,BNB/USDT,2022-11-11T19:19:03.554Z,2.06,20,287.63
287.94,0.3475,287.87,0.0347,Bitget,BNB/USDT,2022-11-11T19:19:15.672Z,0.07,20,286.92
287.96,0.3475,287.57,8.7601,Bitget,BNB/USDT,2022-11-11T19:19:15.672Z,0.39,20,286.17
287.97,16.3914,287.54,0.3477,Bitget,BNB/USDT,2022-11-11T19:19:15.672Z,0.43,20,285.47
287.98,0.8758,287.53,26.1548,Bitget,BNB/USDT,2022-11-11T19:19:15.672Z,0.45,20,285.42
287.99,0.3475,287.43,39.8673,Bitget,BNB/USDT,2022-11-11T19:19:15.672Z,0.56,20,285.66
288,0.3475,287.4,0.7808,Bitget,BNB/USDT,2022-11-11T19:19:15.672Z,0.6,20,286.18
288.02,0.0593,287.39,0.3479,Bitget,BNB/USDT,2022-11-11T19:19:15.672Z,0.63,20,285.73
288.06,0.0141,287.38,0.3815,Bitget,BNB/USDT,2022-11-11T19:19:15.672Z,0.68,20,286
288.07,134.8251,287.35,1.1693,Bitget,BNB/USDT,2022-11-11T19:19:15.672Z,0.72,20,286
288.1,0.3473,287.34,36.3107,Bitget,BNB/USDT,2022-11-11T19:19:15.672Z,0.76,20,285.89
288.11,0.3473,287.33,26.8345,Bitget,BNB/USDT,2022-11-11T19:19:15.672Z,0.78,20,286.03
288.14,3.5925,287.32,1.7097,Bitget,BNB/USDT,2022-11-11T19:19:15.672Z,0.82,20,286.88
288.17,56.8169,287.31,54.3957,Bitget,BNB/USDT,2022-11-11T19:19:15.672Z,0.86,20,286.79
288.18,1.781,287.28,26.4746,Bitget,BNB/USDT,2022-11-11T19:19:15.672Z,0.9,20,286.57
288.19,0.3472,287.27,0.9833,Bitget,BNB/USDT,2022-11-11T19:19:15.672Z,0.92,20,286.54
288.2,30.8344,287.26,3.592,Bitget,BNB/USDT,2022-11-11T19:19:15.672Z,0.94,20,286.82
288.23,23.2522,287.25,26.7864,Bitget,BNB/USDT,2022-11-11T19:19:15.672Z,0.98,20,287.36
288.25,3.5934,287.23,28.9335,Bitget,BNB/USDT,2022-11-11T19:19:15.672Z,1.02,20,287.45
288.26,25.9059,287.22,61.7357,Bitget,BNB/USDT,2022-11-11T19:19:15.672Z,1.04,20,287.45
288.27,40.8008,287.21,1.7097,Bitget,BNB/USDT,2022-11-11T19:19:15.672Z,1.06,20,287.56
287.84,0.46,287.66,0.22,BitMart,BNB/USDT,2022-11-11T19:19:27.365Z,0.18,20,287.24
287.85,0.31,287.65,0.17,BitMart,BNB/USDT,2022-11-11T19:19:27.365Z,0.2,20,287.15
287.87,0.57,287.63,0.32,BitMart,BNB/USDT,2022-11-11T19:19:27.365Z,0.24,20,286.08
287.88,0.32,287.62,0.26,BitMart,BNB/USDT,2022-11-11T19:19:27.365Z,0.26,20,285.3
287.89,0.45,287.61,0.62,BitMart,BNB/USDT,2022-11-11T19:19:27.365Z,0.28,20,285.3
287.91,0.59,287.59,0.54,BitMart,BNB/USDT,2022-11-11T19:19:27.365Z,0.32,20,285.6
287.92,0.36,287.58,0.44,BitMart,BNB/USDT,2022-11-11T19:19:27.365Z,0.34,20,286.5
287.94,0.4,287.56,0.21,BitMart,BNB/USDT,2022-11-11T19:19:27.365Z,0.38,20,285.94
287.95,0.4,287.55,0.39,BitMart,BNB/USDT,2022-11-11T19:19:27.365Z,0.4,20,286.15
287.97,0.16,287.53,0.53,BitMart,BNB/USDT,2022-11-11T19:19:27.365Z,0.44,20,286.04
287.98,0.31,287.52,0.62,BitMart,BNB/USDT,2022-11-11T19:19:27.365Z,0.46,20,286
288,0.54,287.51,0.4,BitMart,BNB/USDT,2022-11-11T19:19:27.365Z,0.49,20,286
288.01,0.36,287.49,0.25,BitMart,BNB/USDT,2022-11-11T19:19:27.365Z,0.52,20,287.26
288.02,0.28,287.48,0.4,BitMart,BNB/USDT,2022-11-11T19:19:27.365Z,0.54,20,286.9
288.04,0.35,287.46,0.23,BitMart,BNB/USDT,2022-11-11T19:19:27.365Z,0.58,20,286.5
288.05,0.42,287.45,0.24,BitMart,BNB/USDT,2022-11-11T19:19:27.365Z,0.6,20,286.5
288.07,0.4,287.43,0.47,BitMart,BNB/USDT,2022-11-11T19:19:27.365Z,0.64,20,286.8
288.08,0.31,287.42,0.52,BitMart,BNB/USDT,2022-11-11T19:19:27.365Z,0.66,20,287.3
288.09,0.28,287.4,0.43,BitMart,BNB/USDT,2022-11-11T19:19:27.365Z,0.69,20,287.64
288.11,0.36,287.39,0.26,BitMart,BNB/USDT,2022-11-11T19:19:27.365Z,0.72,20,287.59
287.7481,1.584,287.62,0.3854,Gate.io,BNB/USDT,2022-11-11T19:19:39.762Z,0.1281,20,286.84
287.77,0.1536,287.58,0.0149,Gate.io,BNB/USDT,2022-11-11T19:19:39.762Z,0.19,20,285.82
287.79,0.058,287.57,0.1579,Gate.io,BNB/USDT,2022-11-11T19:19:39.762Z,0.22,20,285.1
287.82,0.0042,287.54,3.6287,Gate.io,BNB/USDT,2022-11-11T19:19:39.762Z,0.28,20,285.22
287.93,0.014,287.48,1.9463,Gate.io,BNB/USDT,2022-11-11T19:19:39.762Z,0.45,20,285.88
287.94,0.0081,287.42,0.1476,Gate.io,BNB/USDT,2022-11-11T19:19:39.762Z,0.52,20,286.32
288,0.0119,287.41,3.629,Gate.io,BNB/USDT,2022-11-11T19:19:39.762Z,0.59,20,285.65
288.07,3.6358,287.4,0.0084,Gate.io,BNB/USDT,2022-11-11T19:19:39.762Z,0.67,20,285.98
288.08,3.6289,287.39,1.707,Gate.io,BNB/USDT,2022-11-11T19:19:39.762Z,0.69,20,285.97
288.09,0.0153,287.38,6,Gate.io,BNB/USDT,2022-11-11T19:19:39.762Z,0.71,20,285.8
288.1,0.0088,287.35,0.1595,Gate.io,BNB/USDT,2022-11-11T19:19:39.762Z,0.75,20,286.11
288.11,1.74,287.27,1.8704,Gate.io,BNB/USDT,2022-11-11T19:19:39.762Z,0.84,20,287.03
288.25,1.772,287.05,6.9531,Gate.io,BNB/USDT,2022-11-11T19:19:39.762Z,1.2,20,286.94
288.28,0.0067,287.04,5.4453,Gate.io,BNB/USDT,2022-11-11T19:19:39.762Z,1.24,20,286.49
288.33,0.2,286.96,6.9527,Gate.io,BNB/USDT,2022-11-11T19:19:39.762Z,1.37,20,286.58
288.46,0.9289,286.95,1.5639,Gate.io,BNB/USDT,2022-11-11T19:19:39.762Z,1.51,20,287.04
288.48,1.5639,286.9,27.8842,Gate.io,BNB/USDT,2022-11-11T19:19:39.762Z,1.58,20,287.06
288.52,0.004,286.75,10,Gate.io,BNB/USDT,2022-11-11T19:19:39.762Z,1.77,20,287.4
288.57,0.0114,286.74,8.4432,Gate.io,BNB/USDT,2022-11-11T19:19:39.762Z,1.83,20,287.4
288.77,0.009,286.4949,1.448,Gate.io,BNB/USDT,2022-11-11T19:19:39.762Z,2.2751,20,287.54
288.02,0.0593,287.87,0.0347,Bitget,BNB/USDT,2022-11-11T19:19:51.283Z,0.15,20,286.92
288.06,0.0141,287.73,17.4488,Bitget,BNB/USDT,2022-11-11T19:19:51.283Z,0.33,20,286.17
288.11,0.3473,287.69,0.7808,Bitget,BNB/USDT,2022-11-11T19:19:51.283Z,0.42,20,285.47
288.16,0.3473,287.68,0.3476,Bitget,BNB/USDT,2022-11-11T19:19:51.283Z,0.48,20,285.42
288.17,33.6466,287.67,15.2337,Bitget,BNB/USDT,2022-11-11T19:19:51.283Z,0.5,20,285.66
288.19,0.3472,287.63,41.0573,Bitget,BNB/USDT,2022-11-11T19:19:51.283Z,0.56,20,286.18
288.21,0.8758,287.57,4.657,Bitget,BNB/USDT,2022-11-11T19:19:51.283Z,0.64,20,285.73
288.22,0.3472,287.53,56.433,Bitget,BNB/USDT,2022-11-11T19:19:51.283Z,0.69,20,286
288.23,0.3472,287.52,0.3478,Bitget,BNB/USDT,2022-11-11T19:19:51.283Z,0.71,20,286
288.24,0.3472,287.51,39.329,Bitget,BNB/USDT,2022-11-11T19:19:51.283Z,0.73,20,285.89
288.27,31.4795,287.48,24.1846,Bitget,BNB/USDT,2022-11-11T19:19:51.283Z,0.79,20,286.03
288.32,0.3471,287.47,0.3478,Bitget,BNB/USDT,2022-11-11T19:19:51.283Z,0.85,20,286.88
288.33,28.731,287.46,1.1928,Bitget,BNB/USDT,2022-11-11T19:19:51.283Z,0.87,20,286.79
288.36,31.9811,287.45,40.476,Bitget,BNB/USDT,2022-11-11T19:19:51.283Z,0.91,20,286.57
288.37,72.2082,287.43,35.0712,Bitget,BNB/USDT,2022-11-11T19:19:51.283Z,0.94,20,286.54
288.39,38.0133,287.42,26.4578,Bitget,BNB/USDT,2022-11-11T19:19:51.283Z,0.97,20,286.82
288.4,0.0063,287.41,1.7513,Bitget,BNB/USDT,2022-11-11T19:19:51.283Z,0.99,20,287.36
288.41,0.0021,287.4,4.2273,Bitget,BNB/USDT,2022-11-11T19:19:51.283Z,1.01,20,287.45
288.42,36.119,287.39,24.9423,Bitget,BNB/USDT,2022-11-11T19:19:51.283Z,1.03,20,287.45
288.44,2.4665,287.36,35.9296,Bitget,BNB/USDT,2022-11-11T19:19:51.283Z,1.08,20,287.56
288.04,0.35,287.86,0.43,BitMart,BNB/USDT,2022-11-11T19:20:04.387Z,0.18,20,286.08
288.05,0.42,287.85,0.45,BitMart,BNB/USDT,2022-11-11T19:20:04.387Z,0.2,20,285.3
288.07,0.4,287.83,0.49,BitMart,BNB/USDT,2022-11-11T19:20:04.387Z,0.24,20,285.3
288.08,0.31,287.82,0.3,BitMart,BNB/USDT,2022-11-11T19:20:04.387Z,0.26,20,285.6
288.09,0.28,287.81,0.31,BitMart,BNB/USDT,2022-11-11T19:20:04.387Z,0.28,20,286.5
288.11,0.36,287.79,0.22,BitMart,BNB/USDT,2022-11-11T19:20:04.387Z,0.32,20,285.94
288.12,0.42,287.78,0.23,BitMart,BNB/USDT,2022-11-11T19:20:04.387Z,0.34,20,286.15
288.14,0.2,287.76,0.61,BitMart,BNB/USDT,2022-11-11T19:20:04.387Z,0.38,20,286.04
288.15,0.61,287.75,0.28,BitMart,BNB/USDT,2022-11-11T19:20:04.387Z,0.4,20,286
288.17,0.26,287.73,0.27,BitMart,BNB/USDT,2022-11-11T19:20:04.387Z,0.44,20,286
288.18,0.52,287.72,0.48,BitMart,BNB/USDT,2022-11-11T19:20:04.387Z,0.46,20,287.26
288.2,0.46,287.71,0.47,BitMart,BNB/USDT,2022-11-11T19:20:04.387Z,0.49,20,286.9
288.21,0.44,287.69,0.46,BitMart,BNB/USDT,2022-11-11T19:20:04.387Z,0.52,20,286.5
288.22,0.36,287.68,0.43,BitMart,BNB/USDT,2022-11-11T19:20:04.387Z,0.54,20,286.5
288.24,0.22,287.66,0.22,BitMart,BNB/USDT,2022-11-11T19:20:04.387Z,0.58,20,286.8
288.25,0.55,287.65,0.17,BitMart,BNB/USDT,2022-11-11T19:20:04.387Z,0.6,20,287.3
288.27,0.28,287.63,0.32,BitMart,BNB/USDT,2022-11-11T19:20:04.387Z,0.64,20,287.64
288.28,0.34,287.62,0.26,BitMart,BNB/USDT,2022-11-11T19:20:04.387Z,0.66,20,287.59
288.3,0.54,287.61,0.62,BitMart,BNB/USDT,2022-11-11T19:20:04.387Z,0.69,20,287.74
288.31,0.34,287.59,0.54,BitMart,BNB/USDT,2022-11-11T19:20:04.387Z,0.72,20,287.79
287.93,0.1722,287.85,0.3503,Gate.io,BNB/USDT,2022-11-11T19:20:15.782Z,0.08,20,285.82
287.98,0.1492,287.82,0.0084,Gate.io,BNB/USDT,2022-11-11T19:20:15.782Z,0.16,20,285.1
288.07,0.1688,287.77,3.6251,Gate.io,BNB/USDT,2022-11-11T19:20:15.782Z,0.3,20,285.22
288.0801,1.136,287.71,0.1687,Gate.io,BNB/USDT,2022-11-11T19:20:15.782Z,0.3701,20,285.88
288.09,0.0153,287.64,0.1725,Gate.io,BNB/USDT,2022-11-11T19:20:15.782Z,0.45,20,286.32
288.1,0.0088,287.6,6,Gate.io,BNB/USDT,2022-11-11T19:20:15.782Z,0.5,20,285.65
288.24,0.0042,287.57,0.1579,Gate.io,BNB/USDT,2022-11-11T19:20:15.782Z,0.67,20,285.98
288.28,0.0067,287.53,3.6268,Gate.io,BNB/USDT,2022-11-11T19:20:15.782Z,0.75,20,285.97
288.33,0.2,287.48,1.784,Gate.io,BNB/USDT,2022-11-11T19:20:15.782Z,0.85,20,285.8
288.37,3.6265,287.29,6.9473,Gate.io,BNB/USDT,2022-11-11T19:20:15.782Z,1.08,20,286.11
288.38,3.6257,287.23,27.8522,Gate.io,BNB/USDT,2022-11-11T19:20:15.782Z,1.15,20,287.03
288.41,1.764,287.2,6.9476,Gate.io,BNB/USDT,2022-11-11T19:20:15.782Z,1.21,20,286.94
288.46,0.9289,287.14,5.4426,Gate.io,BNB/USDT,2022-11-11T19:20:15.782Z,1.32,20,286.49
288.48,1.5639,287.11,1.5632,Gate.io,BNB/USDT,2022-11-11T19:20:15.782Z,1.37,20,286.58
288.49,1.714,287.04,10,Gate.io,BNB/USDT,2022-11-11T19:20:15.782Z,1.45,20,287.04
288.52,0.004,286.9532,0.328,Gate.io,BNB/USDT,2022-11-11T19:20:15.782Z,1.5668,20,287.06
288.57,1.7484,286.74,8.4432,Gate.io,BNB/USDT,2022-11-11T19:20:15.782Z,1.83,20,287.4
288.77,0.009,286.56,10.4217,Gate.io,BNB/USDT,2022-11-11T19:20:15.782Z,2.21,20,287.4
288.79,4.8142,286.55,0.058,Gate.io,BNB/USDT,2022-11-11T19:20:15.782Z,2.24,20,287.54
288.88,2.8546,286.43,6.952,Gate.io,BNB/USDT,2022-11-11T19:20:15.782Z,2.45,20,287.68
288.02,0.0593,287.87,0.0347,Bitget,BNB/USDT,2022-11-11T19:20:27.714Z,0.15,20,286.17
288.06,0.0141,287.72,0.789,Bitget,BNB/USDT,2022-11-11T19:20:27.714Z,0.34,20,285.47
288.09,0.3474,287.7,0.3475,Bitget,BNB/USDT,2022-11-11T19:20:27.714Z,0.39,20,285.42
288.1,0.3473,287.67,5.9598,Bitget,BNB/USDT,2022-11-11T19:20:27.714Z,0.43,20,285.66
288.15,18.2155,287.66,4.7708,Bitget,BNB/USDT,2022-11-11T19:20:27.714Z,0.49,20,286.18
288.17,53.2095,287.63,20.8751,Bitget,BNB/USDT,2022-11-11T19:20:27.714Z,0.54,20,285.73
288.21,0.3472,287.6,0.3477,Bitget,BNB/USDT,2022-11-11T19:20:27.714Z,0.61,20,286
288.22,0.792,287.59,1.2186,Bitget,BNB/USDT,2022-11-11T19:20:27.714Z,0.63,20,286
288.24,3.759,287.58,0.3477,Bitget,BNB/USDT,2022-11-11T19:20:27.714Z,0.66,20,285.89
288.25,0.3472,287.57,2.4068,Bitget,BNB/USDT,2022-11-11T19:20:27.714Z,0.68,20,286.03
288.27,54.2553,287.53,66.8854,Bitget,BNB/USDT,2022-11-11T19:20:27.714Z,0.74,20,286.88
288.31,0.3471,287.51,0.3815,Bitget,BNB/USDT,2022-11-11T19:20:27.714Z,0.8,20,286.79
288.32,30.6291,287.49,29.4924,Bitget,BNB/USDT,2022-11-11T19:20:27.714Z,0.83,20,286.57
288.33,0.0262,287.47,3.591,Bitget,BNB/USDT,2022-11-11T19:20:27.714Z,0.86,20,286.54
288.34,4.7661,287.46,44.34,Bitget,BNB/USDT,2022-11-11T19:20:27.714Z,0.88,20,286.82
288.35,25.7032,287.43,69.8545,Bitget,BNB/USDT,2022-11-11T19:20:27.714Z,0.92,20,287.36
288.36,1.156,287.4,55.2643,Bitget,BNB/USDT,2022-11-11T19:20:27.714Z,0.96,20,287.45
288.37,75.7815,287.37,33.471,Bitget,BNB/USDT,2022-11-11T19:20:27.714Z,1,20,287.45
288.38,33.0921,287.35,4.7661,Bitget,BNB/USDT,2022-11-11T19:20:27.714Z,1.03,20,287.56
288.4,1.7464,287.34,27.0294,Bitget,BNB/USDT,2022-11-11T19:20:27.714Z,1.06,20,287.88
287.64,0.25,287.46,0.4,BitMart,BNB/USDT,2022-11-11T19:20:39.592Z,0.18,20,286.08
287.65,0.46,287.45,0.57,BitMart,BNB/USDT,2022-11-11T19:20:39.592Z,0.2,20,285.3
287.67,0.44,287.43,0.5,BitMart,BNB/USDT,2022-11-11T19:20:39.592Z,0.24,20,285.3
287.68,0.47,287.42,0.3,BitMart,BNB/USDT,2022-11-11T19:20:39.592Z,0.26,20,285.6
287.69,0.52,287.4,0.32,BitMart,BNB/USDT,2022-11-11T19:20:39.592Z,0.29,20,286.5
287.71,0.41,287.39,0.6,BitMart,BNB/USDT,2022-11-11T19:20:39.592Z,0.32,20,285.94
287.72,0.16,287.38,0.42,BitMart,BNB/USDT,2022-11-11T19:20:39.592Z,0.34,20,286.15
287.74,0.24,287.36,0.25,BitMart,BNB/USDT,2022-11-11T19:20:39.592Z,0.38,20,286.04
287.75,0.51,287.35,0.26,BitMart,BNB/USDT,2022-11-11T19:20:39.592Z,0.4,20,286
287.77,0.37,287.33,0.27,BitMart,BNB/USDT,2022-11-11T19:20:39.592Z,0.44,20,286
287.78,0.18,287.32,0.15,BitMart,BNB/USDT,2022-11-11T19:20:39.592Z,0.46,20,287.26
287.79,0.35,287.3,0.28,BitMart,BNB/USDT,2022-11-11T19:20:39.592Z,0.49,20,286.9
287.81,0.28,287.29,0.46,BitMart,BNB/USDT,2022-11-11T19:20:39.592Z,0.52,20,286.5
287.82,0.57,287.28,0.21,BitMart,BNB/USDT,2022-11-11T19:20:39.592Z,0.54,20,286.5
287.84,0.26,287.26,0.59,BitMart,BNB/USDT,2022-11-11T19:20:39.592Z,0.58,20,286.8
287.85,0.57,287.25,0.55,BitMart,BNB/USDT,2022-11-11T19:20:39.592Z,0.6,20,287.3
287.87,0.26,287.23,0.21,BitMart,BNB/USDT,2022-11-11T19:20:39.592Z,0.64,20,287.64
287.88,0.2,287.22,0.24,BitMart,BNB/USDT,2022-11-11T19:20:39.592Z,0.66,20,287.59
287.89,0.61,287.2,0.62,BitMart,BNB/USDT,2022-11-11T19:20:39.592Z,0.69,20,287.74
287.91,0.39,287.19,0.24,BitMart,BNB/USDT,2022-11-11T19:20:39.592Z,0.72,20,287.79
287.67,0.1656,287.42,0.1577,Gate.io,BNB/USDT,2022-11-11T19:20:52.195Z,0.25,20,285.82
287.77,0.0136,287.39,0.0042,Gate.io,BNB/USDT,2022-11-11T19:20:52.195Z,0.38,20,285.1
287.78,0.3854,287.37,0.3854,Gate.io,BNB/USDT,2022-11-11T19:20:52.195Z,0.41,20,285.22
287.82,0.0084,287.36,4.8142,Gate.io,BNB/USDT,2022-11-11T19:20:52.195Z,0.46,20,285.88
287.84,0.1629,287.32,0.1615,Gate.io,BNB/USDT,2022-11-11T19:20:52.195Z,0.52,20,286.32
287.9,4.8142,287.31,3.6259,Gate.io,BNB/USDT,2022-11-11T19:20:52.195Z,0.59,20,285.65
287.92,9.8352,287.26,0.1628,Gate.io,BNB/USDT,2022-11-11T19:20:52.195Z,0.66,20,285.98
287.96,3.6259,287.22,9.6323,Gate.io,BNB/USDT,2022-11-11T19:20:52.195Z,0.74,20,285.97
287.98,3.6308,287.21,23.9868,Gate.io,BNB/USDT,2022-11-11T19:20:52.195Z,0.77,20,285.8
288.06,14.2945,287.2,1.705,Gate.io,BNB/USDT,2022-11-11T19:20:52.195Z,0.86,20,286.11
288.07,0.0069,287.09,5.3202,Gate.io,BNB/USDT,2022-11-11T19:20:52.195Z,0.98,20,287.03
288.0728,1.048,286.97,19.961,Gate.io,BNB/USDT,2022-11-11T19:20:52.195Z,1.1028,20,286.94
288.09,0.0153,286.9278,0.64,Gate.io,BNB/USDT,2022-11-11T19:20:52.195Z,1.1622,20,286.49
288.1,0.0088,286.92,6.9563,Gate.io,BNB/USDT,2022-11-11T19:20:52.195Z,1.18,20,286.58
288.13,1.755,286.89,1.564,Gate.io,BNB/USDT,2022-11-11T19:20:52.195Z,1.24,20,287.04
288.18,19.961,286.88,27.8862,Gate.io,BNB/USDT,2022-11-11T19:20:52.195Z,1.3,20,287.06
288.28,1.5719,286.8,6.9563,Gate.io,BNB/USDT,2022-11-11T19:20:52.195Z,1.48,20,287.4
288.33,0.2,286.65,10,Gate.io,BNB/USDT,2022-11-11T19:20:52.195Z,1.68,20,287.4
288.46,0.9289,286.55,0.058,Gate.io,BNB/USDT,2022-11-11T19:20:52.195Z,1.91,20,287.54
288.49,58.3287,286.52,3.632,Gate.io,BNB/USDT,2022-11-11T19:20:52.195Z,1.97,20,287.68
287.99,0.3475,287.87,0.0347,Bitget,BNB/USDT,2022-11-11T19:21:03.722Z,0.12,20,285.47
288.01,0.3475,287.62,1.2186,Bitget,BNB/USDT,2022-11-11T19:21:03.722Z,0.39,20,285.42
288.02,0.0593,287.61,0.3476,Bitget,BNB/USDT,2022-11-11T19:21:03.722Z,0.41,20,285.66
288.06,0.0141,287.57,0.3477,Bitget,BNB/USDT,2022-11-11T19:21:03.722Z,0.49,20,286.18
288.07,14.0758,287.53,19.4971,Bitget,BNB/USDT,2022-11-11T19:21:03.722Z,0.54,20,285.73
288.09,0.3474,287.47,5.941,Bitget,BNB/USDT,2022-11-11T19:21:03.722Z,0.62,20,286
288.13,0.3473,287.43,75.8657,Bitget,BNB/USDT,2022-11-11T19:21:03.722Z,0.7,20,286
288.17,71.5829,287.4,0.3815,Bitget,BNB/USDT,2022-11-11T19:21:03.722Z,0.77,20,285.89
288.2,0.491,287.39,37.2718,Bitget,BNB/USDT,2022-11-11T19:21:03.722Z,0.81,20,286.03
288.22,31.7758,287.38,1.3207,Bitget,BNB/USDT,2022-11-11T19:21:03.722Z,0.84,20,286.88
288.23,3.5881,287.37,4.4411,Bitget,BNB/USDT,2022-11-11T19:21:03.722Z,0.86,20,286.79
288.25,42.381,287.36,35.3398,Bitget,BNB/USDT,2022-11-11T19:21:03.722Z,0.89,20,286.57
288.27,51.3665,287.33,129.8109,Bitget,BNB/USDT,2022-11-11T19:21:03.722Z,0.94,20,286.54
288.28,40.4936,287.32,2.9452,Bitget,BNB/USDT,2022-11-11T19:21:03.722Z,0.96,20,286.82
288.3,0.438,287.3,32.3443,Bitget,BNB/USDT,2022-11-11T19:21:03.722Z,1,20,287.36
288.31,32.8396,287.27,25.9008,Bitget,BNB/USDT,2022-11-11T19:21:03.722Z,1.04,20,287.45
288.32,4.7661,287.25,0.3481,Bitget,BNB/USDT,2022-11-11T19:21:03.722Z,1.07,20,287.45
288.33,0.0262,287.24,39.546,Bitget,BNB/USDT,2022-11-11T19:21:03.722Z,1.09,20,287.56
288.34,40.1145,287.23,58.9236,Bitget,BNB/USDT,2022-11-11T19:21:03.722Z,1.11,20,287.87
288.36,0.347,287.21,34.429,Bitget,BNB/USDT,2022-11-11T19:21:03.722Z,1.15,20,287.88
287.94,0.27,287.76,0.38,BitMart,BNB/USDT,2022-11-11T19:21:20.137Z,0.18,20,286.08
287.95,0.23,287.75,0.62,BitMart,BNB/USDT,2022-11-11T19:21:20.137Z,0.2,20,285.3
287.97,0.2,287.73,0.46,BitMart,BNB/USDT,2022-11-11T19:21:20.137Z,0.24,20,285.3
287.98,0.34,287.72,0.31,BitMart,BNB/USDT,2022-11-11T19:21:20.137Z,0.26,20,285.6
287.99,0.42,287.71,0.6,BitMart,BNB/USDT,2022-11-11T19:21:20.137Z,0.28,20,286.5
288.01,0.35,287.69,0.21,BitMart,BNB/USDT,2022-11-11T19:21:20.137Z,0.32,20,285.94
288.02,0.29,287.68,0.14,BitMart,BNB/USDT,2022-11-11T19:21:20.137Z,0.34,20,286.15
288.04,0.41,287.66,0.26,BitMart,BNB/USDT,2022-11-11T19:21:20.137Z,0.38,20,286.04
288.05,0.17,287.65,0.56,BitMart,BNB/USDT,2022-11-11T19:21:20.137Z,0.4,20,286
288.07,0.49,287.63,0.4,BitMart,BNB/USDT,2022-11-11T19:21:20.137Z,0.44,20,286
288.08,0.25,287.62,0.53,BitMart,BNB/USDT,2022-11-11T19:21:20.137Z,0.46,20,287.26
288.1,0.42,287.61,0.22,BitMart,BNB/USDT,2022-11-11T19:21:20.137Z,0.49,20,286.9
288.11,0.49,287.59,0.59,BitMart,BNB/USDT,2022-11-11T19:21:20.137Z,0.52,20,286.5
288.12,0.43,287.58,0.56,BitMart,BNB/USDT,2022-11-11T19:21:20.137Z,0.54,20,286.5
288.14,0.45,287.56,0.49,BitMart,BNB/USDT,2022-11-11T19:21:20.137Z,0.58,20,286.8
288.15,0.21,287.55,0.37,BitMart,BNB/USDT,2022-11-11T19:21:20.137Z,0.6,20,287.3
288.17,0.5,287.53,0.4,BitMart,BNB/USDT,2022-11-11T19:21:20.137Z,0.64,20,287.64
288.18,0.49,287.52,0.24,BitMart,BNB/USDT,2022-11-11T19:21:20.137Z,0.66,20,287.59
288.2,0.25,287.5,0.52,BitMart,BNB/USDT,2022-11-11T19:21:20.137Z,0.7,20,287.74
288.21,0.34,287.49,0.4,BitMart,BNB/USDT,2022-11-11T19:21:20.137Z,0.72,20,287.63
287.65,0.1471,287.49,0.0055,Gate.io,BNB/USDT,2022-11-11T19:21:33.428Z,0.16,20,285.1
287.72,0.1732,287.48,0.3854,Gate.io,BNB/USDT,2022-11-11T19:21:33.428Z,0.24,20,285.22
287.79,0.0083,287.42,0.1577,Gate.io,BNB/USDT,2022-11-11T19:21:33.428Z,0.37,20,285.88
287.8,0.154,287.37,0.0042,Gate.io,BNB/USDT,2022-11-11T19:21:33.428Z,0.43,20,286.32
287.85,0.1589,287.34,7.2547,Gate.io,BNB/USDT,2022-11-11T19:21:33.428Z,0.51,20,285.65
287.86,3.6265,287.32,0.1615,Gate.io,BNB/USDT,2022-11-11T19:21:33.428Z,0.54,20,285.98
287.92,0.1429,287.3,4.8142,Gate.io,BNB/USDT,2022-11-11T19:21:33.428Z,0.62,20,285.97
288.03,4.8142,287.27,7,Gate.io,BNB/USDT,2022-11-11T19:21:33.428Z,0.76,20,285.8
288.0663,0.968,287.13,1.721,Gate.io,BNB/USDT,2022-11-11T19:21:33.428Z,0.9363,20,286.11
288.07,0.0069,287.07,5.4464,Gate.io,BNB/USDT,2022-11-11T19:21:33.428Z,1,20,287.03
288.08,9.6923,287.06,9.6923,Gate.io,BNB/USDT,2022-11-11T19:21:33.428Z,1.02,20,286.94
288.09,1.7903,286.97,19.961,Gate.io,BNB/USDT,2022-11-11T19:21:33.428Z,1.12,20,286.49
288.1,0.0088,286.9623,0.216,Gate.io,BNB/USDT,2022-11-11T19:21:33.428Z,1.1377,20,286.58
288.17,14.2945,286.94,6.9558,Gate.io,BNB/USDT,2022-11-11T19:21:33.428Z,1.23,20,287.04
288.18,3.6282,286.9,14.2945,Gate.io,BNB/USDT,2022-11-11T19:21:33.428Z,1.28,20,287.06
288.28,0.0067,286.89,1.564,Gate.io,BNB/USDT,2022-11-11T19:21:33.428Z,1.39,20,287.4
288.29,1.5648,286.88,27.8862,Gate.io,BNB/USDT,2022-11-11T19:21:33.428Z,1.41,20,287.4
288.33,0.2,286.84,57.7935,Gate.io,BNB/USDT,2022-11-11T19:21:33.428Z,1.49,20,287.54
288.46,0.9289,286.8,6.9558,Gate.io,BNB/USDT,2022-11-11T19:21:33.428Z,1.66,20,287.68
288.52,0.004,286.55,10.058,Gate.io,BNB/USDT,2022-11-11T19:21:33.428Z,1.97,20,287.72
287.89,0.3476,287.87,0.0347,Bitget,BNB/USDT,2022-11-11T19:21:45.229Z,0.02,20,285.47
287.96,0.3475,287.5,0.3478,Bitget,BNB/USDT,2022-11-11T19:21:45.229Z,0.46,20,285.42
287.97,16.505,287.49,1.2186,Bitget,BNB/USDT,2022-11-11T19:21:45.229Z,0.48,20,285.66
288.02,4.9234,287.43,6.4647,Bitget,BNB/USDT,2022-11-11T19:21:45.229Z,0.59,20,286.18
288.06,0.0141,287.41,0.3479,Bitget,BNB/USDT,2022-11-11T19:21:45.229Z,0.65,20,285.73
288.07,33.6115,287.37,4.8134,Bitget,BNB/USDT,2022-11-11T19:21:45.229Z,0.7,20,286
288.08,9.5954,287.33,22.5403,Bitget,BNB/USDT,2022-11-11T19:21:45.229Z,0.75,20,286
288.1,26.2907,287.31,6.1642,Bitget,BNB/USDT,2022-11-11T19:21:45.229Z,0.79,20,285.89
288.13,39.7397,287.27,35.9602,Bitget,BNB/USDT,2022-11-11T19:21:45.229Z,0.86,20,286.03
288.15,3.5949,287.26,2.4068,Bitget,BNB/USDT,2022-11-11T19:21:45.229Z,0.89,20,286.88
288.16,49.5373,287.25,0.3481,Bitget,BNB/USDT,2022-11-11T19:21:45.229Z,0.91,20,286.79
288.17,48.6545,287.24,36.9081,Bitget,BNB/USDT,2022-11-11T19:21:45.229Z,0.93,20,286.57
288.18,0.3472,287.23,30.6867,Bitget,BNB/USDT,2022-11-11T19:21:45.229Z,0.95,20,286.54
288.19,24.9636,287.21,25.9116,Bitget,BNB/USDT,2022-11-11T19:21:45.229Z,0.98,20,286.82
288.22,45.7253,287.18,27.2387,Bitget,BNB/USDT,2022-11-11T19:21:45.229Z,1.04,20,287.36
288.23,3.6591,287.17,7.1822,Bitget,BNB/USDT,2022-11-11T19:21:45.229Z,1.06,20,287.45
288.25,29.8931,287.16,1.2873,Bitget,BNB/USDT,2022-11-11T19:21:45.229Z,1.09,20,287.45
288.26,24.9879,287.15,30.2426,Bitget,BNB/USDT,2022-11-11T19:21:45.229Z,1.11,20,287.56
288.27,95.0132,287.14,8.9852,Bitget,BNB/USDT,2022-11-11T19:21:45.229Z,1.13,20,287.87
288.28,25.1532,287.13,83.1621,Bitget,BNB/USDT,2022-11-11T19:21:45.229Z,1.15,20,287.87
287.74,0.31,287.56,0.49,BitMart,BNB/USDT,2022-11-11T19:21:57.508Z,0.18,20,285.3
287.75,0.45,287.55,0.37,BitMart,BNB/USDT,2022-11-11T19:21:57.508Z,0.2,20,285.3
287.77,0.53,287.53,0.4,BitMart,BNB/USDT,2022-11-11T19:21:57.508Z,0.24,20,285.6
287.78,0.47,287.52,0.24,BitMart,BNB/USDT,2022-11-11T19:21:57.508Z,0.26,20,286.5
287.79,0.47,287.5,0.52,BitMart,BNB/USDT,2022-11-11T19:21:57.508Z,0.29,20,285.94
287.81,0.43,287.49,0.4,BitMart,BNB/USDT,2022-11-11T19:21:57.508Z,0.32,20,286.15
287.82,0.59,287.48,0.35,BitMart,BNB/USDT,2022-11-11T19:21:57.508Z,0.34,20,286.04
287.84,0.51,287.46,0.44,BitMart,BNB/USDT,2022-11-11T19:21:57.508Z,0.38,20,286
287.85,0.55,287.45,0.44,BitMart,BNB/USDT,2022-11-11T19:21:57.508Z,0.4,20,286
287.87,0.54,287.43,0.28,BitMart,BNB/USDT,2022-11-11T19:21:57.508Z,0.44,20,287.26
287.88,0.33,287.42,0.42,BitMart,BNB/USDT,2022-11-11T19:21:57.508Z,0.46,20,286.9
287.89,0.48,287.41,0.21,BitMart,BNB/USDT,2022-11-11T19:21:57.508Z,0.48,20,286.5
287.91,0.6,287.4,0.29,BitMart,BNB/USDT,2022-11-11T19:21:57.508Z,0.51,20,286.5
287.92,0.29,287.39,0.37,BitMart,BNB/USDT,2022-11-11T19:21:57.508Z,0.53,20,286.8
287.94,0.27,287.38,0.53,BitMart,BNB/USDT,2022-11-11T19:21:57.508Z,0.56,20,287.3
287.95,0.23,287.36,0.19,BitMart,BNB/USDT,2022-11-11T19:21:57.508Z,0.59,20,287.64
287.97,0.2,287.35,0.32,BitMart,BNB/USDT,2022-11-11T19:21:57.508Z,0.62,20,287.59
287.98,0.34,287.33,0.34,BitMart,BNB/USDT,2022-11-11T19:21:57.508Z,0.65,20,287.74
287.99,0.42,287.32,0.41,BitMart,BNB/USDT,2022-11-11T19:21:57.508Z,0.67,20,287.63
288.01,0.35,287.3,0.32,BitMart,BNB/USDT,2022-11-11T19:21:57.508Z,0.71,20,287.63
287.65,0.1644,287.41,0.3854,Gate.io,BNB/USDT,2022-11-11T19:22:10.338Z,0.24,20,285.22
287.67,0.1656,287.37,0.0042,Gate.io,BNB/USDT,2022-11-11T19:22:10.338Z,0.3,20,285.88
287.73,0.0068,287.32,0.1615,Gate.io,BNB/USDT,2022-11-11T19:22:10.338Z,0.41,20,286.32
287.74,0.1462,287.28,4.8142,Gate.io,BNB/USDT,2022-11-11T19:22:10.338Z,0.46,20,285.65
287.79,0.0083,287.24,3.629,Gate.io,BNB/USDT,2022-11-11T19:22:10.338Z,0.55,20,285.98
287.84,4.8142,287.22,3.6318,Gate.io,BNB/USDT,2022-11-11T19:22:10.338Z,0.62,20,285.97
287.86,3.6285,287.21,7,Gate.io,BNB/USDT,2022-11-11T19:22:10.338Z,0.65,20,285.8
287.9,1.76,287.2,1.764,Gate.io,BNB/USDT,2022-11-11T19:22:10.338Z,0.7,20,286.11
287.91,10.0777,287.14,14.2945,Gate.io,BNB/USDT,2022-11-11T19:22:10.338Z,0.77,20,287.03
288.04,1.776,287.05,9.6923,Gate.io,BNB/USDT,2022-11-11T19:22:10.338Z,0.99,20,286.94
288.0689,1,286.97,25.41,Gate.io,BNB/USDT,2022-11-11T19:22:10.338Z,1.0989,20,286.49
288.07,0.0069,286.9278,0.64,Gate.io,BNB/USDT,2022-11-11T19:22:10.338Z,1.1422,20,286.58
288.08,3.6299,286.89,1.564,Gate.io,BNB/USDT,2022-11-11T19:22:10.338Z,1.19,20,287.04
288.09,0.0153,286.88,27.8862,Gate.io,BNB/USDT,2022-11-11T19:22:10.338Z,1.21,20,287.06
288.1,0.0088,286.83,6.9585,Gate.io,BNB/USDT,2022-11-11T19:22:10.338Z,1.27,20,287.4
288.14,1.705,286.72,6.9585,Gate.io,BNB/USDT,2022-11-11T19:22:10.338Z,1.42,20,287.4
288.17,14.2945,286.55,10.058,Gate.io,BNB/USDT,2022-11-11T19:22:10.338Z,1.62,20,287.54
288.21,19.961,286.45,42.2334,Gate.io,BNB/USDT,2022-11-11T19:22:10.338Z,1.76,20,287.68
288.28,0.0067,286.41,57.7935,Gate.io,BNB/USDT,2022-11-11T19:22:10.338Z,1.87,20,287.48
288.29,1.5648,286.37,0.0119,Gate.io,BNB/USDT,2022-11-11T19:22:10.338Z,1.92,20,287.53
287.89,0.438,287.87,0.0347,Bitget,BNB/USDT,2022-11-11T19:22:22.241Z,0.02,20,285.42
287.91,0.3476,287.43,4.4194,Bitget,BNB/USDT,2022-11-11T19:22:22.241Z,0.48,20,285.66
287.96,0.3475,287.4,0.3479,Bitget,BNB/USDT,2022-11-11T19:22:22.241Z,0.56,20,286.18
287.97,95.7587,287.37,5.1272,Bitget,BNB/USDT,2022-11-11T19:22:22.241Z,0.6,20,285.73
288.01,4.7661,287.35,0.348,Bitget,BNB/USDT,2022-11-11T19:22:22.241Z,0.66,20,286
288.02,0.0593,287.33,15.64,Bitget,BNB/USDT,2022-11-11T19:22:22.241Z,0.69,20,286
288.03,3.5928,287.31,0.348,Bitget,BNB/USDT,2022-11-11T19:22:22.241Z,0.72,20,285.89
288.04,24.209,287.27,5.6311,Bitget,BNB/USDT,2022-11-11T19:22:22.241Z,0.77,20,286.03
288.05,3.5954,287.24,0.4159,Bitget,BNB/USDT,2022-11-11T19:22:22.241Z,0.81,20,286.88
288.06,8.9872,287.23,41.9453,Bitget,BNB/USDT,2022-11-11T19:22:22.241Z,0.83,20,286.79
288.07,103.972,287.22,0.3481,Bitget,BNB/USDT,2022-11-11T19:22:22.241Z,0.85,20,286.57
288.08,9.9769,287.21,28.5704,Bitget,BNB/USDT,2022-11-11T19:22:22.241Z,0.87,20,286.54
288.09,7.3745,287.2,0.6114,Bitget,BNB/USDT,2022-11-11T19:22:22.241Z,0.89,20,286.82
288.1,33.6903,287.19,1.3077,Bitget,BNB/USDT,2022-11-11T19:22:22.241Z,0.91,20,287.36
288.13,24.9675,287.18,38.4309,Bitget,BNB/USDT,2022-11-11T19:22:22.241Z,0.95,20,287.45
288.16,41.7214,287.15,22.8519,Bitget,BNB/USDT,2022-11-11T19:22:22.241Z,1.01,20,287.45
288.17,69.1312,287.13,121.7908,Bitget,BNB/USDT,2022-11-11T19:22:22.241Z,1.04,20,287.56
288.19,33.8799,287.12,28.76,Bitget,BNB/USDT,2022-11-11T19:22:22.241Z,1.07,20,287.87
288.21,1.7582,287.11,4.8316,Bitget,BNB/USDT,2022-11-11T19:22:22.241Z,1.1,20,287.87
288.22,57.3705,287.1,1.7394,Bitget,BNB/USDT,2022-11-11T19:22:22.241Z,1.12,20,287.88
288.04,0.57,287.86,0.47,BitMart,BNB/USDT,2022-11-11T19:22:34.049Z,0.18,20,285.3
288.05,0.31,287.85,0.25,BitMart,BNB/USDT,2022-11-11T19:22:34.049Z,0.2,20,285.6
288.07,0.39,287.83,0.34,BitMart,BNB/USDT,2022-11-11T19:22:34.049Z,0.24,20,286.5
288.08,0.42,287.82,0.56,BitMart,BNB/USDT,2022-11-11T19:22:34.049Z,0.26,20,285.94
288.09,0.16,287.8,0.29,BitMart,BNB/USDT,2022-11-11T19:22:34.049Z,0.29,20,286.15
288.11,0.54,287.79,0.26,BitMart,BNB/USDT,2022-11-11T19:22:34.049Z,0.32,20,286.04
288.12,0.14,287.78,0.14,BitMart,BNB/USDT,2022-11-11T19:22:34.049Z,0.34,20,286
288.14,0.35,287.76,0.47,BitMart,BNB/USDT,2022-11-11T19:22:34.049Z,0.38,20,286
288.15,0.44,287.75,0.37,BitMart,BNB/USDT,2022-11-11T19:22:34.049Z,0.4,20,287.26
288.17,0.55,287.73,0.5,BitMart,BNB/USDT,2022-11-11T19:22:34.049Z,0.44,20,286.9
288.18,0.5,287.72,0.16,BitMart,BNB/USDT,2022-11-11T19:22:34.049Z,0.46,20,286.5
288.19,0.37,287.7,0.31,BitMart,BNB/USDT,2022-11-11T19:22:34.049Z,0.49,20,286.5
288.21,0.26,287.69,0.24,BitMart,BNB/USDT,2022-11-11T19:22:34.049Z,0.52,20,286.8
288.22,0.35,287.68,0.45,BitMart,BNB/USDT,2022-11-11T19:22:34.049Z,0.54,20,287.3
288.24,0.42,287.66,0.51,BitMart,BNB/USDT,2022-11-11T19:22:34.049Z,0.58,20,287.64
288.25,0.26,287.65,0.47,BitMart,BNB/USDT,2022-11-11T19:22:34.049Z,0.6,20,287.59
288.27,0.27,287.63,0.52,BitMart,BNB/USDT,2022-11-11T19:22:34.049Z,0.64,20,287.74
288.28,0.45,287.62,0.57,BitMart,BNB/USDT,2022-11-11T19:22:34.049Z,0.66,20,287.63
288.29,0.31,287.6,0.46,BitMart,BNB/USDT,2022-11-11T19:22:34.049Z,0.69,20,287.6
288.31,0.35,287.59,0.59,BitMart,BNB/USDT,2022-11-11T19:22:34.049Z,0.72,20,287.6
287.53,0.1512,287.36,0.0042,Gate.io,BNB/USDT,2022-11-11T19:22:44.980Z,0.17,20,285.22
287.65,0.1435,287.33,0.3854,Gate.io,BNB/USDT,2022-11-11T19:22:44.980Z,0.32,20,285.88
287.67,3.6309,287.29,0.1712,Gate.io,BNB/USDT,2022-11-11T19:22:44.980Z,0.38,20,286.32
287.68,3.6333,287.21,0.16,Gate.io,BNB/USDT,2022-11-11T19:22:44.980Z,0.47,20,285.65
287.69,0.1733,287.14,4.8142,Gate.io,BNB/USDT,2022-11-11T19:22:44.980Z,0.55,20,285.98
287.74,1.71,287.12,0.172,Gate.io,BNB/USDT,2022-11-11T19:22:44.980Z,0.62,20,285.97
287.79,0.0084,287.09,1.783,Gate.io,BNB/USDT,2022-11-11T19:22:44.980Z,0.7,20,285.8
287.82,1.896,287.05,3.6305,Gate.io,BNB/USDT,2022-11-11T19:22:44.980Z,0.77,20,286.11
287.89,1.9371,287.03,9.6923,Gate.io,BNB/USDT,2022-11-11T19:22:44.980Z,0.86,20,287.03
288.01,0.0068,286.95,1.723,Gate.io,BNB/USDT,2022-11-11T19:22:44.980Z,1.06,20,286.94
288.02,9.6923,286.9384,1.504,Gate.io,BNB/USDT,2022-11-11T19:22:44.980Z,1.0816,20,286.49
288.03,4.8142,286.89,3.6272,Gate.io,BNB/USDT,2022-11-11T19:22:44.980Z,1.14,20,286.58
288.07,0.0069,286.82,27.892,Gate.io,BNB/USDT,2022-11-11T19:22:44.980Z,1.25,20,287.04
288.0886,0.248,286.79,5.4527,Gate.io,BNB/USDT,2022-11-11T19:22:44.980Z,1.2986,20,287.06
288.09,0.0153,286.72,14.2945,Gate.io,BNB/USDT,2022-11-11T19:22:44.980Z,1.37,20,287.4
288.1,0.0088,286.7,6.9616,Gate.io,BNB/USDT,2022-11-11T19:22:44.980Z,1.4,20,287.4
288.2,1.5655,286.69,1.5655,Gate.io,BNB/USDT,2022-11-11T19:22:44.980Z,1.51,20,287.54
288.28,0.0067,286.58,19.961,Gate.io,BNB/USDT,2022-11-11T19:22:44.980Z,1.7,20,287.68
288.29,15.3344,286.56,6.9631,Gate.io,BNB/USDT,2022-11-11T19:22:44.980Z,1.73,20,287.48
288.33,0.2,286.55,0.058,Gate.io,BNB/USDT,2022-11-11T19:22:44.980Z,1.78,20,287.39
288.02,0.0593,287.66,2.8896,Bitget,BNB/USDT,2022-11-11T19:22:57.282Z,0.36,20,285.42
288.04,4.9418,287.63,4.6145,Bitget,BNB/USDT,2022-11-11T19:22:57.282Z,0.41,20,285.66
288.06,0.0141,287.62,0.3476,Bitget,BNB/USDT,2022-11-11T19:22:57.282Z,0.44,20,286.18
288.07,8.0629,287.53,42.1275,Bitget,BNB/USDT,2022-11-11T19:22:57.282Z,0.54,20,285.73
288.1,0.3473,287.51,4.7661,Bitget,BNB/USDT,2022-11-11T19:22:57.282Z,0.59,20,286
288.17,77.6615,287.49,1.5099,Bitget,BNB/USDT,2022-11-11T19:22:57.282Z,0.68,20,286
288.18,0.3815,287.48,1.1507,Bitget,BNB/USDT,2022-11-11T19:22:57.282Z,0.7,20,285.89
288.19,0.3472,287.47,0.3478,Bitget,BNB/USDT,2022-11-11T19:22:57.282Z,0.72,20,286.03
288.2,0.3472,287.44,34.0451,Bitget,BNB/USDT,2022-11-11T19:22:57.282Z,0.76,20,286.88
288.24,0.3472,287.43,55.7964,Bitget,BNB/USDT,2022-11-11T19:22:57.282Z,0.81,20,286.79
288.25,3.592,287.41,37.1325,Bitget,BNB/USDT,2022-11-11T19:22:57.282Z,0.84,20,286.57
288.26,27.6024,287.4,9.5954,Bitget,BNB/USDT,2022-11-11T19:22:57.282Z,0.86,20,286.54
288.27,55.9265,287.38,35.3715,Bitget,BNB/USDT,2022-11-11T19:22:57.282Z,0.89,20,286.82
288.29,38.2473,287.36,1.2207,Bitget,BNB/USDT,2022-11-11T19:22:57.282Z,0.93,20,287.36
288.32,30.8238,287.35,23.6049,Bitget,BNB/USDT,2022-11-11T19:22:57.282Z,0.97,20,287.45
288.33,0.0262,287.34,1.7365,Bitget,BNB/USDT,2022-11-11T19:22:57.282Z,0.99,20,287.45
288.35,22.6757,287.33,75.9857,Bitget,BNB/USDT,2022-11-11T19:22:57.282Z,1.02,20,287.56
288.36,3.2631,287.32,23.4336,Bitget,BNB/USDT,2022-11-11T19:22:57.282Z,1.04,20,287.87
288.37,67.2299,287.29,33.4766,Bitget,BNB/USDT,2022-11-11T19:22:57.282Z,1.08,20,287.87
288.38,24.0021,287.26,38.7728,Bitget,BNB/USDT,2022-11-11T19:22:57.282Z,1.12,20,287.87
287.74,0.55,287.53,0.22,BitMart,BNB/USDT,2022-11-11T19:23:10.014Z,0.21,20,285.3
287.75,0.25,287.52,0.5,BitMart,BNB/USDT,2022-11-11T19:23:10.014Z,0.23,20,285.6
287.77,0.47,287.48,0.52,BitMart,BNB/USDT,2022-11-11T19:23:10.014Z,0.29,20,286.5
287.78,0.41,287.46,0.46,BitMart,BNB/USDT,2022-11-11T19:23:10.014Z,0.32,20,285.94
287.79,0.49,287.45,0.46,BitMart,BNB/USDT,2022-11-11T19:23:10.014Z,0.34,20,286.15
287.81,0.35,287.43,0.57,BitMart,BNB/USDT,2022-11-11T19:23:10.014Z,0.38,20,286.04
287.82,0.27,287.42,0.16,BitMart,BNB/USDT,2022-11-11T19:23:10.014Z,0.4,20,286
287.84,0.56,287.41,0.47,BitMart,BNB/USDT,2022-11-11T19:23:10.014Z,0.43,20,286
287.85,0.56,287.39,0.19,BitMart,BNB/USDT,2022-11-11T19:23:10.014Z,0.46,20,287.26
287.87,0.24,287.38,0.56,BitMart,BNB/USDT,2022-11-11T19:23:10.014Z,0.49,20,286.9
287.88,0.43,287.36,0.53,BitMart,BNB/USDT,2022-11-11T19:23:10.014Z,0.52,20,286.5
287.9,0.58,287.35,0.2,BitMart,BNB/USDT,2022-11-11T19:23:10.014Z,0.55,20,286.5
287.91,0.25,287.34,0.43,BitMart,BNB/USDT,2022-11-11T19:23:10.014Z,0.57,20,286.8
287.92,0.32,287.32,0.5,BitMart,BNB/USDT,2022-11-11T19:23:10.014Z,0.6,20,287.3
287.94,0.42,287.31,0.6,BitMart,BNB/USDT,2022-11-11T19:23:10.014Z,0.63,20,287.64
287.95,0.46,287.29,0.44,BitMart,BNB/USDT,2022-11-11T19:23:10.014Z,0.66,20,287.59
287.97,0.36,287.28,0.19,BitMart,BNB/USDT,2022-11-11T19:23:10.014Z,0.69,20,287.74
287.98,0.53,287.26,0.61,BitMart,BNB/USDT,2022-11-11T19:23:10.014Z,0.72,20,287.63
288,0.45,287.25,0.35,BitMart,BNB/USDT,2022-11-11T19:23:10.014Z,0.75,20,287.6
288.01,0.46,287.23,0.23,BitMart,BNB/USDT,2022-11-11T19:23:10.014Z,0.78,20,287.59
287.79,0.0084,287.62,0.1575,Gate.io,BNB/USDT,2022-11-11T19:23:21.515Z,0.17,20,285.88
287.83,0.1611,287.55,0.1488,Gate.io,BNB/USDT,2022-11-11T19:23:21.515Z,0.28,20,286.32
287.89,0.1688,287.53,0.3854,Gate.io,BNB/USDT,2022-11-11T19:23:21.515Z,0.36,20,285.65
287.92,0.3854,287.52,4.8142,Gate.io,BNB/USDT,2022-11-11T19:23:21.515Z,0.4,20,285.98
287.95,0.16,287.46,9.6923,Gate.io,BNB/USDT,2022-11-11T19:23:21.515Z,0.49,20,285.97
288.02,0.1674,287.36,6.0042,Gate.io,BNB/USDT,2022-11-11T19:23:21.515Z,0.66,20,285.8
288.07,3.6358,287.34,1.713,Gate.io,BNB/USDT,2022-11-11T19:23:21.515Z,0.73,20,286.11
288.09,0.0153,287.3,3.6287,Gate.io,BNB/USDT,2022-11-11T19:23:21.515Z,0.79,20,287.03
288.1,0.0088,287.23,1.699,Gate.io,BNB/USDT,2022-11-11T19:23:21.515Z,0.87,20,286.94
288.1274,0.72,287.09,16.0335,Gate.io,BNB/USDT,2022-11-11T19:23:21.515Z,1.0374,20,286.49
288.18,3.6286,287.08,19.961,Gate.io,BNB/USDT,2022-11-11T19:23:21.515Z,1.1,20,286.58
288.19,4.8142,287.06,27.8687,Gate.io,BNB/USDT,2022-11-11T19:23:21.515Z,1.13,20,287.04
288.2,1.724,287.04,6.9534,Gate.io,BNB/USDT,2022-11-11T19:23:21.515Z,1.16,20,287.06
288.27,1.726,286.9749,1.056,Gate.io,BNB/USDT,2022-11-11T19:23:21.515Z,1.2951,20,287.4
288.28,0.0067,286.96,6.9534,Gate.io,BNB/USDT,2022-11-11T19:23:21.515Z,1.32,20,287.4
288.29,9.6923,286.91,1.5641,Gate.io,BNB/USDT,2022-11-11T19:23:21.515Z,1.38,20,287.54
288.33,0.2,286.87,5.4492,Gate.io,BNB/USDT,2022-11-11T19:23:21.515Z,1.46,20,287.68
288.42,1.77,286.75,6.28,Gate.io,BNB/USDT,2022-11-11T19:23:21.515Z,1.67,20,287.48
288.46,15.2234,286.71,3.628,Gate.io,BNB/USDT,2022-11-11T19:23:21.515Z,1.75,20,287.39
288.52,0.004,286.55,0.058,Gate.io,BNB/USDT,2022-11-11T19:23:21.515Z,1.97,20,287.39
287.94,10.9523,287.57,0.3477,Bitget,BNB/USDT,2022-11-11T19:23:34.043Z,0.37,20,285.66
287.97,17.8696,287.54,0.3477,Bitget,BNB/USDT,2022-11-11T19:23:34.043Z,0.43,20,286.18
287.98,0.3815,287.53,5.0896,Bitget,BNB/USDT,2022-11-11T19:23:34.043Z,0.45,20,285.73
288,0.3475,287.43,13.666,Bitget,BNB/USDT,2022-11-11T19:23:34.043Z,0.57,20,286
288.02,0.0593,287.42,0.5623,Bitget,BNB/USDT,2022-11-11T19:23:34.043Z,0.6,20,286
288.06,0.3474,287.38,0.8691,Bitget,BNB/USDT,2022-11-11T19:23:34.043Z,0.68,20,285.89
288.07,41.8641,287.37,7.8709,Bitget,BNB/USDT,2022-11-11T19:23:34.043Z,0.7,20,286.03
288.09,0.3474,287.36,0.348,Bitget,BNB/USDT,2022-11-11T19:23:34.043Z,0.73,20,286.88
288.12,0.3473,287.34,42.0434,Bitget,BNB/USDT,2022-11-11T19:23:34.043Z,0.78,20,286.79
288.16,8.5259,287.33,57.3091,Bitget,BNB/USDT,2022-11-11T19:23:34.043Z,0.83,20,286.57
288.17,68.6131,287.31,25.6951,Bitget,BNB/USDT,2022-11-11T19:23:34.043Z,0.86,20,286.54
288.2,31.7805,287.28,40.0491,Bitget,BNB/USDT,2022-11-11T19:23:34.043Z,0.92,20,286.82
288.21,8.9714,287.27,0.846,Bitget,BNB/USDT,2022-11-11T19:23:34.043Z,0.94,20,287.36
288.23,28.3687,287.25,45.1739,Bitget,BNB/USDT,2022-11-11T19:23:34.043Z,0.98,20,287.45
288.24,3.6,287.23,28.6273,Bitget,BNB/USDT,2022-11-11T19:23:34.043Z,1.01,20,287.45
288.26,28.5582,287.22,23.63,Bitget,BNB/USDT,2022-11-11T19:23:34.043Z,1.04,20,287.56
288.27,75.4028,287.19,35.2291,Bitget,BNB/USDT,2022-11-11T19:23:34.043Z,1.08,20,287.87
288.29,31.2118,287.18,3.593,Bitget,BNB/USDT,2022-11-11T19:23:34.043Z,1.11,20,287.87
288.3,27.3977,287.17,1.2055,Bitget,BNB/USDT,2022-11-11T19:23:34.043Z,1.13,20,287.84
288.31,7.5471,287.16,39.6582,Bitget,BNB/USDT,2022-11-11T19:23:34.043Z,1.15,20,287.34
287.71,0.16,287.46,0.46,BitMart,BNB/USDT,2022-11-11T19:23:46.309Z,0.25,20,285.6
287.74,0.38,287.45,0.46,BitMart,BNB/USDT,2022-11-11T19:23:46.309Z,0.29,20,286.5
287.75,0.3,287.43,0.57,BitMart,BNB/USDT,2022-11-11T19:23:46.309Z,0.32,20,285.94
287.77,0.34,287.42,0.16,BitMart,BNB/USDT,2022-11-11T19:23:46.309Z,0.35,20,286.15
287.78,0.36,287.4,0.59,BitMart,BNB/USDT,2022-11-11T19:23:46.309Z,0.38,20,286.04
287.79,0.54,287.39,0.34,BitMart,BNB/USDT,2022-11-11T19:23:46.309Z,0.4,20,286
287.81,0.3,287.38,0.62,BitMart,BNB/USDT,2022-11-11T19:23:46.309Z,0.43,20,286
287.84,0.22,287.36,0.57,BitMart,BNB/USDT,2022-11-11T19:23:46.309Z,0.48,20,287.26
287.85,0.48,287.35,0.47,BitMart,BNB/USDT,2022-11-11T19:23:46.309Z,0.5,20,286.9
287.87,0.2,287.33,0.28,BitMart,BNB/USDT,2022-11-11T19:23:46.309Z,0.54,20,286.5
287.88,0.58,287.32,0.48,BitMart,BNB/USDT,2022-11-11T19:23:46.309Z,0.56,20,286.5
287.89,0.58,287.29,0.27,BitMart,BNB/USDT,2022-11-11T19:23:46.309Z,0.6,20,286.8
287.91,0.42,287.28,0.27,BitMart,BNB/USDT,2022-11-11T19:23:46.309Z,0.63,20,287.3
287.92,0.58,287.26,0.17,BitMart,BNB/USDT,2022-11-11T19:23:46.309Z,0.66,20,287.64
287.94,0.23,287.25,0.47,BitMart,BNB/USDT,2022-11-11T19:23:46.309Z,0.69,20,287.59
287.95,0.34,287.23,0.49,BitMart,BNB/USDT,2022-11-11T19:23:46.309Z,0.72,20,287.74
287.97,0.61,287.22,0.33,BitMart,BNB/USDT,2022-11-11T19:23:46.309Z,0.75,20,287.63
287.98,0.59,287.13,0.38,BitMart,BNB/USDT,2022-11-11T19:23:46.309Z,0.85,20,287.6
288.15,0.17,287.09,36.5,BitMart,BNB/USDT,2022-11-11T19:23:46.309Z,1.06,20,287.59
288.17,0.39,287.07,94.41,BitMart,BNB/USDT,2022-11-11T19:23:46.309Z,1.1,20,287.9
287.61,0.1727,287.39,0.3854,Gate.io,BNB/USDT,2022-11-11T19:23:59.104Z,0.22,20,285.88
287.68,0.0083,287.35,4.8142,Gate.io,BNB/USDT,2022-11-11T19:23:59.104Z,0.33,20,286.32
287.71,0.1587,287.32,0.1602,Gate.io,BNB/USDT,2022-11-11T19:23:59.104Z,0.39,20,285.65
287.78,0.0068,287.29,3.6284,Gate.io,BNB/USDT,2022-11-11T19:23:59.104Z,0.49,20,285.98
287.79,0.3854,287.26,0.0042,Gate.io,BNB/USDT,2022-11-11T19:23:59.104Z,0.53,20,285.97
287.81,0.1448,287.22,9.6923,Gate.io,BNB/USDT,2022-11-11T19:23:59.104Z,0.59,20,285.8
287.89,0.1688,287.12,7,Gate.io,BNB/USDT,2022-11-11T19:23:59.104Z,0.77,20,286.11
287.97,8.4431,287.07,17.9275,Gate.io,BNB/USDT,2022-11-11T19:23:59.104Z,0.9,20,287.03
288,3.63,287,1.711,Gate.io,BNB/USDT,2022-11-11T19:23:59.104Z,1,20,286.94
288.02,9.6923,286.97,19.961,Gate.io,BNB/USDT,2022-11-11T19:23:59.104Z,1.05,20,286.49
288.07,0.0069,286.941,1.472,Gate.io,BNB/USDT,2022-11-11T19:23:59.104Z,1.129,20,286.58
288.09,0.0153,286.87,5.4492,Gate.io,BNB/USDT,2022-11-11T19:23:59.104Z,1.22,20,287.04
288.0906,0.272,286.86,1.766,Gate.io,BNB/USDT,2022-11-11T19:23:59.104Z,1.2306,20,287.06
288.1,0.0088,286.8,27.894,Gate.io,BNB/USDT,2022-11-11T19:23:59.104Z,1.3,20,287.4
288.12,1.764,286.78,6.9597,Gate.io,BNB/USDT,2022-11-11T19:23:59.104Z,1.34,20,287.4
288.18,19.961,286.64,6.9597,Gate.io,BNB/USDT,2022-11-11T19:23:59.104Z,1.54,20,287.54
288.24,14.2945,286.58,1.566,Gate.io,BNB/USDT,2022-11-11T19:23:59.104Z,1.66,20,287.68
288.25,1.725,286.55,10.058,Gate.io,BNB/USDT,2022-11-11T19:23:59.104Z,1.7,20,287.48
288.28,0.0067,286.46,57.7935,Gate.io,BNB/USDT,2022-11-11T19:23:59.104Z,1.82,20,287.39
288.32,1.5652,286.37,0.0119,Gate.io,BNB/USDT,2022-11-11T19:23:59.104Z,1.95,20,287.39
287.64,21.7876,287.26,1.6139,Bitget,BNB/USDT,2022-11-11T19:24:10.548Z,0.38,20,286.18
287.67,35.5936,287.23,2.6333,Bitget,BNB/USDT,2022-11-11T19:24:10.548Z,0.44,20,285.73
287.71,0.3478,287.22,0.3481,Bitget,BNB/USDT,2022-11-11T19:24:10.548Z,0.49,20,286
287.77,48.0051,287.13,24.1503,Bitget,BNB/USDT,2022-11-11T19:24:10.548Z,0.64,20,286
287.78,0.3477,287.1,0.3483,Bitget,BNB/USDT,2022-11-11T19:24:10.548Z,0.68,20,285.89
287.83,0.3883,287.09,0.3483,Bitget,BNB/USDT,2022-11-11T19:24:10.548Z,0.74,20,286.03
287.84,3.5916,287.08,0.3483,Bitget,BNB/USDT,2022-11-11T19:24:10.548Z,0.76,20,286.88
287.85,0.3476,287.05,9.5954,Bitget,BNB/USDT,2022-11-11T19:24:10.548Z,0.8,20,286.79
287.86,32.7618,287.04,30.4849,Bitget,BNB/USDT,2022-11-11T19:24:10.548Z,0.82,20,286.57
287.87,33.9392,287.03,32.5992,Bitget,BNB/USDT,2022-11-11T19:24:10.548Z,0.84,20,286.54
287.88,0.3476,287.01,33.5434,Bitget,BNB/USDT,2022-11-11T19:24:10.548Z,0.87,20,286.82
287.89,23.6543,286.98,29.3326,Bitget,BNB/USDT,2022-11-11T19:24:10.548Z,0.91,20,287.36
287.92,37.1258,286.97,1.3141,Bitget,BNB/USDT,2022-11-11T19:24:10.548Z,0.95,20,287.45
287.93,0.3476,286.95,47.6339,Bitget,BNB/USDT,2022-11-11T19:24:10.548Z,0.98,20,287.45
287.94,1.1057,286.93,116.9408,Bitget,BNB/USDT,2022-11-11T19:24:10.548Z,1.01,20,287.56
287.95,29.1567,286.92,35.6079,Bitget,BNB/USDT,2022-11-11T19:24:10.548Z,1.03,20,287.87
287.96,1.2623,286.9,17.7482,Bitget,BNB/USDT,2022-11-11T19:24:10.548Z,1.06,20,287.87
287.97,100.4405,286.89,39.5924,Bitget,BNB/USDT,2022-11-11T19:24:10.548Z,1.08,20,287.84
287.98,38.9769,286.87,34.4876,Bitget,BNB/USDT,2022-11-11T19:24:10.548Z,1.11,20,287.34
288,1.7434,286.86,44.7735,Bitget,BNB/USDT,2022-11-11T19:24:10.548Z,1.14,20,287.4
287.34,0.28,287.16,0.45,BitMart,BNB/USDT,2022-11-11T19:24:22.881Z,0.18,20,286.5
287.35,0.48,287.15,0.31,BitMart,BNB/USDT,2022-11-11T19:24:22.881Z,0.2,20,285.94
287.36,0.27,287.13,0.57,BitMart,BNB/USDT,2022-11-11T19:24:22.881Z,0.23,20,286.15
287.38,0.29,287.12,0.39,BitMart,BNB/USDT,2022-11-11T19:24:22.881Z,0.26,20,286.04
287.39,0.3,287.11,0.35,BitMart,BNB/USDT,2022-11-11T19:24:22.881Z,0.28,20,286
287.41,0.23,287.09,0.39,BitMart,BNB/USDT,2022-11-11T19:24:22.881Z,0.32,20,286
287.42,0.41,287.08,0.31,BitMart,BNB/USDT,2022-11-11T19:24:22.881Z,0.34,20,287.26
287.44,0.27,287.06,0.43,BitMart,BNB/USDT,2022-11-11T19:24:22.881Z,0.38,20,286.9
287.45,0.39,287.05,0.15,BitMart,BNB/USDT,2022-11-11T19:24:22.881Z,0.4,20,286.5
287.46,0.58,287.03,0.5,BitMart,BNB/USDT,2022-11-11T19:24:22.881Z,0.43,20,286.5
287.48,0.56,287.02,0.35,BitMart,BNB/USDT,2022-11-11T19:24:22.881Z,0.46,20,286.8
287.49,0.17,287.01,0.62,BitMart,BNB/USDT,2022-11-11T19:24:22.881Z,0.48,20,287.3
287.51,0.56,286.99,0.54,BitMart,BNB/USDT,2022-11-11T19:24:22.881Z,0.52,20,287.64
287.52,0.23,286.98,0.27,BitMart,BNB/USDT,2022-11-11T19:24:22.881Z,0.54,20,287.59
287.54,0.51,286.96,0.35,BitMart,BNB/USDT,2022-11-11T19:24:22.881Z,0.58,20,287.74
287.55,0.39,286.95,0.14,BitMart,BNB/USDT,2022-11-11T19:24:22.881Z,0.6,20,287.63
287.56,0.29,286.93,0.19,BitMart,BNB/USDT,2022-11-11T19:24:22.881Z,0.63,20,287.6
287.58,0.41,286.92,0.22,BitMart,BNB/USDT,2022-11-11T19:24:22.881Z,0.66,20,287.59
287.59,0.58,286.91,0.29,BitMart,BNB/USDT,2022-11-11T19:24:22.881Z,0.68,20,287.8
287.61,0.2,286.89,0.27,BitMart,BNB/USDT,2022-11-11T19:24:22.881Z,0.72,20,287.8
287.35,0.04975,287.26,0.0042,Gate.io,BNB/USDT,2022-11-11T19:24:33.938Z,0.09,20,286.32
287.44,0.1719,287.18,0.1539,Gate.io,BNB/USDT,2022-11-11T19:24:33.938Z,0.26,20,285.65
287.52,0.1666,287.14,0.3854,Gate.io,BNB/USDT,2022-11-11T19:24:33.938Z,0.38,20,285.98
287.54,0.1473,287.1,0.161,Gate.io,BNB/USDT,2022-11-11T19:24:33.938Z,0.44,20,285.97
287.61,1.714,287.05,3.6257,Gate.io,BNB/USDT,2022-11-11T19:24:33.938Z,0.56,20,285.8
287.66,3.6259,287.02,14.2945,Gate.io,BNB/USDT,2022-11-11T19:24:33.938Z,0.64,20,286.11
287.68,0.0083,287.01,4.8142,Gate.io,BNB/USDT,2022-11-11T19:24:33.938Z,0.67,20,287.03
287.69,4.8142,286.99,9.6923,Gate.io,BNB/USDT,2022-11-11T19:24:33.938Z,0.7,20,286.94
287.7,3.6342,286.9821,0.968,Gate.io,BNB/USDT,2022-11-11T19:24:33.938Z,0.7179,20,286.49
287.75,1.73,286.97,19.961,Gate.io,BNB/USDT,2022-11-11T19:24:33.938Z,0.78,20,286.58
287.81,9.6923,286.9,3.6361,Gate.io,BNB/USDT,2022-11-11T19:24:33.938Z,0.91,20,287.04
287.83,1.761,286.85,8.459,Gate.io,BNB/USDT,2022-11-11T19:24:33.938Z,0.98,20,287.06
287.86,1.567,286.8,27.894,Gate.io,BNB/USDT,2022-11-11T19:24:33.938Z,1.06,20,287.4
288.01,14.2945,286.58,8.5305,Gate.io,BNB/USDT,2022-11-11T19:24:33.938Z,1.43,20,287.4
288.07,0.0069,286.55,0.058,Gate.io,BNB/USDT,2022-11-11T19:24:33.938Z,1.52,20,287.54
288.09,0.0153,286.48,6.965,Gate.io,BNB/USDT,2022-11-11T19:24:33.938Z,1.61,20,287.68
288.1,0.0088,286.46,57.7935,Gate.io,BNB/USDT,2022-11-11T19:24:33.938Z,1.64,20,287.48
288.1589,1.104,286.37,0.0119,Gate.io,BNB/USDT,2022-11-11T19:24:33.938Z,1.7889,20,287.39
288.17,6.9643,286.35,10,Gate.io,BNB/USDT,2022-11-11T19:24:33.938Z,1.82,20,287.39
288.18,19.961,286.34,38.6014,Gate.io,BNB/USDT,2022-11-11T19:24:33.938Z,1.84,20,287.35
287.52,0.348,287.13,1.2086,Bitget,BNB/USDT,2022-11-11T19:24:46.502Z,0.39,20,286.18
287.57,24.0075,287.12,1.5833,Bitget,BNB/USDT,2022-11-11T19:24:46.502Z,0.45,20,285.73
287.61,0.3479,287.09,0.3483,Bitget,BNB/USDT,2022-11-11T19:24:46.502Z,0.52,20,286
287.63,0.3479,287.07,7.4151,Bitget,BNB/USDT,2022-11-11T19:24:46.502Z,0.56,20,286
287.66,0.3479,287.03,7.3093,Bitget,BNB/USDT,2022-11-11T19:24:46.502Z,0.63,20,285.89
287.67,79.1535,286.97,6.2918,Bitget,BNB/USDT,2022-11-11T19:24:46.502Z,0.7,20,286.03
287.69,0.5465,286.95,2.4068,Bitget,BNB/USDT,2022-11-11T19:24:46.502Z,0.74,20,286.88
287.74,42.0428,286.93,51.1073,Bitget,BNB/USDT,2022-11-11T19:24:46.502Z,0.81,20,286.79
287.76,1.6167,286.91,23.4756,Bitget,BNB/USDT,2022-11-11T19:24:46.502Z,0.85,20,286.57
287.77,55.835,286.88,29.9297,Bitget,BNB/USDT,2022-11-11T19:24:46.502Z,0.89,20,286.54
287.8,35.8144,286.85,49.966,Bitget,BNB/USDT,2022-11-11T19:24:46.502Z,0.95,20,286.82
287.81,1.346,286.84,4.7661,Bitget,BNB/USDT,2022-11-11T19:24:46.502Z,0.97,20,287.36
287.83,29.722,286.83,43.8981,Bitget,BNB/USDT,2022-11-11T19:24:46.502Z,1,20,287.45
287.84,1.7008,286.82,45.5997,Bitget,BNB/USDT,2022-11-11T19:24:46.502Z,1.02,20,287.45
287.86,45.3466,286.81,3.0888,Bitget,BNB/USDT,2022-11-11T19:24:46.502Z,1.05,20,287.56
287.87,39.148,286.8,29.9128,Bitget,BNB/USDT,2022-11-11T19:24:46.502Z,1.07,20,287.87
287.89,55.0726,286.79,38.0924,Bitget,BNB/USDT,2022-11-11T19:24:46.502Z,1.1,20,287.87
287.91,4.4233,286.76,40.1356,Bitget,BNB/USDT,2022-11-11T19:24:46.502Z,1.15,20,287.84
287.92,30.3136,286.73,120.4172,Bitget,BNB/USDT,2022-11-11T19:24:46.502Z,1.19,20,287.34
287.94,1.1057,286.7,36.3839,Bitget,BNB/USDT,2022-11-11T19:24:46.502Z,1.24,20,287.26
287.54,0.51,287.36,0.59,BitMart,BNB/USDT,2022-11-11T19:24:58.970Z,0.18,20,286.5
287.55,0.39,287.35,0.22,BitMart,BNB/USDT,2022-11-11T19:24:58.970Z,0.2,20,285.94
287.56,0.29,287.34,0.15,BitMart,BNB/USDT,2022-11-11T19:24:58.970Z,0.22,20,286.15
287.58,0.41,287.32,0.56,BitMart,BNB/USDT,2022-11-11T19:24:58.970Z,0.26,20,286.04
287.59,0.58,287.31,0.22,BitMart,BNB/USDT,2022-11-11T19:24:58.970Z,0.28,20,286
287.61,0.2,287.29,0.54,BitMart,BNB/USDT,2022-11-11T19:24:58.970Z,0.32,20,286
287.62,0.17,287.28,0.37,BitMart,BNB/USDT,2022-11-11T19:24:58.970Z,0.34,20,287.26
287.64,0.57,287.26,0.39,BitMart,BNB/USDT,2022-11-11T19:24:58.970Z,0.38,20,286.9
287.65,0.57,287.25,0.21,BitMart,BNB/USDT,2022-11-11T19:24:58.970Z,0.4,20,286.5
287.67,0.57,287.24,0.16,BitMart,BNB/USDT,2022-11-11T19:24:58.970Z,0.43,20,286.5
287.68,0.61,287.22,0.57,BitMart,BNB/USDT,2022-11-11T19:24:58.970Z,0.46,20,286.8
287.69,0.39,287.21,0.62,BitMart,BNB/USDT,2022-11-11T19:24:58.970Z,0.48,20,287.3
287.71,0.36,287.19,0.52,BitMart,BNB/USDT,2022-11-11T19:24:58.970Z,0.52,20,287.64
287.72,0.14,287.18,0.24,BitMart,BNB/USDT,2022-11-11T19:24:58.970Z,0.54,20,287.59
287.74,0.2,287.16,0.45,BitMart,BNB/USDT,2022-11-11T19:24:58.970Z,0.58,20,287.74
287.75,0.52,287.15,0.31,BitMart,BNB/USDT,2022-11-11T19:24:58.970Z,0.6,20,287.63
287.77,0.53,287.13,0.57,BitMart,BNB/USDT,2022-11-11T19:24:58.970Z,0.64,20,287.6
287.78,0.47,287.12,0.39,BitMart,BNB/USDT,2022-11-11T19:24:58.970Z,0.66,20,287.59
287.79,0.42,287.11,0.35,BitMart,BNB/USDT,2022-11-11T19:24:58.970Z,0.68,20,287.8
287.81,0.18,287.09,0.39,BitMart,BNB/USDT,2022-11-11T19:24:58.970Z,0.72,20,287.3
287.57,0.0068,287.34,0.1498,Gate.io,BNB/USDT,2022-11-11T19:25:10.463Z,0.23,20,285.65
287.58,0.1564,287.31,0.3854,Gate.io,BNB/USDT,2022-11-11T19:25:10.463Z,0.27,20,285.98
287.65,18.5593,287.27,4.8142,Gate.io,BNB/USDT,2022-11-11T19:25:10.463Z,0.38,20,285.97
287.66,0.1557,287.26,0.0042,Gate.io,BNB/USDT,2022-11-11T19:25:10.463Z,0.4,20,285.8
287.68,0.0083,287.25,0.1486,Gate.io,BNB/USDT,2022-11-11T19:25:10.463Z,0.43,20,286.11
287.69,3.35827,287.21,9.6923,Gate.io,BNB/USDT,2022-11-11T19:25:10.463Z,0.48,20,287.03
287.76,3.6241,287.18,0.1574,Gate.io,BNB/USDT,2022-11-11T19:25:10.463Z,0.58,20,286.94
287.78,4.8142,287.15,3.6241,Gate.io,BNB/USDT,2022-11-11T19:25:10.463Z,0.63,20,286.49
287.8,5.3482,287.1,7.161,Gate.io,BNB/USDT,2022-11-11T19:25:10.463Z,0.7,20,286.58
287.9,1.723,287.09,1.787,Gate.io,BNB/USDT,2022-11-11T19:25:10.463Z,0.81,20,287.04
288,14.2945,287.02,14.2945,Gate.io,BNB/USDT,2022-11-11T19:25:10.463Z,0.98,20,287.06
288.01,9.6923,286.9912,0.856,Gate.io,BNB/USDT,2022-11-11T19:25:10.463Z,1.0188,20,287.4
288.07,0.0069,286.99,1.756,Gate.io,BNB/USDT,2022-11-11T19:25:10.463Z,1.08,20,287.4
288.09,0.0153,286.97,19.961,Gate.io,BNB/USDT,2022-11-11T19:25:10.463Z,1.12,20,287.54
288.1,0.0088,286.9,9.0673,Gate.io,BNB/USDT,2022-11-11T19:25:10.463Z,1.2,20,287.68
288.11,1.566,286.8,27.894,Gate.io,BNB/USDT,2022-11-11T19:25:10.463Z,1.31,20,287.48
288.18,19.961,286.77,6.9599,Gate.io,BNB/USDT,2022-11-11T19:25:10.463Z,1.41,20,287.39
288.1819,1.384,286.64,6.9599,Gate.io,BNB/USDT,2022-11-11T19:25:10.463Z,1.5419,20,287.39
288.28,0.0067,286.58,1.566,Gate.io,BNB/USDT,2022-11-11T19:25:10.463Z,1.7,20,287.35
288.33,0.2,286.55,0.058,Gate.io,BNB/USDT,2022-11-11T19:25:10.463Z,1.78,20,287.66
287.51,8.1627,287.16,0.3482,Bitget,BNB/USDT,2022-11-11T19:25:22.425Z,0.35,20,285.73
287.54,13.3182,287.13,0.3511,Bitget,BNB/USDT,2022-11-11T19:25:22.425Z,0.41,20,286
287.55,0.348,287.11,0.3483,Bitget,BNB/USDT,2022-11-11T19:25:22.425Z,0.44,20,286
287.57,41.379,287.09,0.3483,Bitget,BNB/USDT,2022-11-11T19:25:22.425Z,0.48,20,285.89
287.62,0.3479,287.08,6.1262,Bitget,BNB/USDT,2022-11-11T19:25:22.425Z,0.54,20,286.03
287.63,2.0217,287.07,1.5833,Bitget,BNB/USDT,2022-11-11T19:25:22.425Z,0.56,20,286.88
287.64,0.3479,287.03,9.816,Bitget,BNB/USDT,2022-11-11T19:25:22.425Z,0.61,20,286.79
287.65,19.0359,286.96,4.7661,Bitget,BNB/USDT,2022-11-11T19:25:22.425Z,0.69,20,286.57
287.67,67.3012,286.94,2.4068,Bitget,BNB/USDT,2022-11-11T19:25:22.425Z,0.73,20,286.54
287.68,0.3479,286.93,47.9135,Bitget,BNB/USDT,2022-11-11T19:25:22.425Z,0.75,20,286.82
287.72,0.3478,286.92,28.2237,Bitget,BNB/USDT,2022-11-11T19:25:22.425Z,0.8,20,287.36
287.75,22.4933,286.91,1.1746,Bitget,BNB/USDT,2022-11-11T19:25:22.425Z,0.84,20,287.45
287.77,80.2187,286.89,40.2525,Bitget,BNB/USDT,2022-11-11T19:25:22.425Z,0.88,20,287.45
287.78,36.5769,286.87,1.688,Bitget,BNB/USDT,2022-11-11T19:25:22.425Z,0.91,20,287.56
287.8,4.7661,286.86,43.5145,Bitget,BNB/USDT,2022-11-11T19:25:22.425Z,0.94,20,287.87
287.81,36.0026,286.85,14.1516,Bitget,BNB/USDT,2022-11-11T19:25:22.425Z,0.96,20,287.87
287.82,1.141,286.83,86.3906,Bitget,BNB/USDT,2022-11-11T19:25:22.425Z,0.99,20,287.84
287.83,0.3477,286.81,0.9583,Bitget,BNB/USDT,2022-11-11T19:25:22.425Z,1.02,20,287.34
287.84,24.8065,286.8,45.1802,Bitget,BNB/USDT,2022-11-11T19:25:22.425Z,1.04,20,287.14
287.86,4.9225,286.78,7.1676,Bitget,BNB/USDT,2022-11-11T19:25:22.425Z,1.08,20,287.42
287.24,0.36,287.06,0.19,BitMart,BNB/USDT,2022-11-11T19:25:34.030Z,0.18,20,286.5
287.25,0.14,287.05,0.55,BitMart,BNB/USDT,2022-11-11T19:25:34.030Z,0.2,20,285.94
287.26,0.39,287.03,0.37,BitMart,BNB/USDT,2022-11-11T19:25:34.030Z,0.23,20,286.15
287.28,0.37,287.02,0.29,BitMart,BNB/USDT,2022-11-11T19:25:34.030Z,0.26,20,286.04
287.29,0.21,287.01,0.17,BitMart,BNB/USDT,2022-11-11T19:25:34.030Z,0.28,20,286
287.31,0.51,286.99,0.44,BitMart,BNB/USDT,2022-11-11T19:25:34.030Z,0.32,20,286
287.32,0.42,286.98,0.28,BitMart,BNB/USDT,2022-11-11T19:25:34.030Z,0.34,20,287.26
287.34,0.54,286.96,0.54,BitMart,BNB/USDT,2022-11-11T19:25:34.030Z,0.38,20,286.9
287.35,0.32,286.95,0.16,BitMart,BNB/USDT,2022-11-11T19:25:34.030Z,0.4,20,286.5
287.36,0.16,286.93,0.61,BitMart,BNB/USDT,2022-11-11T19:25:34.030Z,0.43,20,286.5
287.38,0.61,286.92,0.44,BitMart,BNB/USDT,2022-11-11T19:25:34.030Z,0.46,20,286.8
287.39,0.3,286.91,0.54,BitMart,BNB/USDT,2022-11-11T19:25:34.030Z,0.48,20,287.3
287.41,0.36,286.89,0.17,BitMart,BNB/USDT,2022-11-11T19:25:34.030Z,0.52,20,287.64
287.42,0.57,286.88,0.31,BitMart,BNB/USDT,2022-11-11T19:25:34.030Z,0.54,20,287.59
287.44,0.46,286.86,0.42,BitMart,BNB/USDT,2022-11-11T19:25:34.030Z,0.58,20,287.74
287.45,0.39,286.85,0.44,BitMart,BNB/USDT,2022-11-11T19:25:34.030Z,0.6,20,287.63
287.46,0.41,286.83,0.32,BitMart,BNB/USDT,2022-11-11T19:25:34.030Z,0.63,20,287.6
287.48,0.34,286.82,0.35,BitMart,BNB/USDT,2022-11-11T19:25:34.030Z,0.66,20,287.59
287.49,0.5,286.81,0.29,BitMart,BNB/USDT,2022-11-11T19:25:34.030Z,0.68,20,287.8
287.51,0.4,286.8,8.43,BitMart,BNB/USDT,2022-11-11T19:25:34.030Z,0.71,20,287.3
287.44,0.0068,287.28,0.1635,Gate.io,BNB/USDT,2022-11-11T19:25:43.979Z,0.16,20,285.65
287.46,0.3854,287.26,0.0042,Gate.io,BNB/USDT,2022-11-11T19:25:43.979Z,0.2,20,285.98
287.51,0.1684,287.16,0.1573,Gate.io,BNB/USDT,2022-11-11T19:25:43.979Z,0.35,20,285.97
287.58,0.1564,287.13,4.8142,Gate.io,BNB/USDT,2022-11-11T19:25:43.979Z,0.45,20,285.8
287.66,4.8142,287.06,7,Gate.io,BNB/USDT,2022-11-11T19:25:43.979Z,0.6,20,286.11
287.68,3.6344,287.04,0.1446,Gate.io,BNB/USDT,2022-11-11T19:25:43.979Z,0.64,20,287.03
287.69,3.35827,287.03,9.6923,Gate.io,BNB/USDT,2022-11-11T19:25:43.979Z,0.66,20,286.94
287.7,3.6343,287.0297,0.384,Gate.io,BNB/USDT,2022-11-11T19:25:43.979Z,0.6703,20,286.49
287.83,9.6923,286.99,3.6256,Gate.io,BNB/USDT,2022-11-11T19:25:43.979Z,0.84,20,286.58
287.87,1.5669,286.9,3.6363,Gate.io,BNB/USDT,2022-11-11T19:25:43.979Z,0.97,20,287.04
287.89,19.961,286.85,14.2945,Gate.io,BNB/USDT,2022-11-11T19:25:43.979Z,1.04,20,287.06
288.06,14.2945,286.67,6.9623,Gate.io,BNB/USDT,2022-11-11T19:25:43.979Z,1.39,20,287.4
288.07,0.0069,286.64,25.3899,Gate.io,BNB/USDT,2022-11-11T19:25:43.979Z,1.43,20,287.4
288.09,0.0153,286.62,27.9115,Gate.io,BNB/USDT,2022-11-11T19:25:43.979Z,1.47,20,287.54
288.1,0.0088,286.58,1.566,Gate.io,BNB/USDT,2022-11-11T19:25:43.979Z,1.52,20,287.68
288.1845,1.416,286.56,6.9616,Gate.io,BNB/USDT,2022-11-11T19:25:43.979Z,1.6245,20,287.48
288.21,58.3287,286.55,0.058,Gate.io,BNB/USDT,2022-11-11T19:25:43.979Z,1.66,20,287.39
288.26,4.3085,286.46,57.7935,Gate.io,BNB/USDT,2022-11-11T19:25:43.979Z,1.8,20,287.39
288.28,0.0067,286.39,1.727,Gate.io,BNB/USDT,2022-11-11T19:25:43.979Z,1.89,20,287.35
288.33,0.2,286.37,0.0119,Gate.io,BNB/USDT,2022-11-11T19:25:43.979Z,1.96,20,287.32
287.74,3.3426,287.36,0.348,Bitget,BNB/USDT,2022-11-11T19:25:56.779Z,0.38,20,285.73
287.77,5.4536,287.33,0.348,Bitget,BNB/USDT,2022-11-11T19:25:56.779Z,0.44,20,286
287.81,0.3477,287.27,0.42,Bitget,BNB/USDT,2022-11-11T19:25:56.779Z,0.54,20,286
287.82,0.3477,287.23,40.0647,Bitget,BNB/USDT,2022-11-11T19:25:56.779Z,0.59,20,285.89
287.85,0.3476,287.17,0.3482,Bitget,BNB/USDT,2022-11-11T19:25:56.779Z,0.68,20,286.03
287.86,10.8507,287.14,24.2866,Bitget,BNB/USDT,2022-11-11T19:25:56.779Z,0.72,20,286.88
287.87,33.0598,287.13,50.3792,Bitget,BNB/USDT,2022-11-11T19:25:56.779Z,0.74,20,286.79
287.88,0.3476,287.11,42.2296,Bitget,BNB/USDT,2022-11-11T19:25:56.779Z,0.77,20,286.57
287.93,4.657,287.1,4.7661,Bitget,BNB/USDT,2022-11-11T19:25:56.779Z,0.83,20,286.54
287.95,8.3544,287.08,53.2095,Bitget,BNB/USDT,2022-11-11T19:25:56.779Z,0.87,20,286.82
287.96,33.8968,287.05,29.1066,Bitget,BNB/USDT,2022-11-11T19:25:56.779Z,0.91,20,287.36
287.97,48.0172,287.04,0.3483,Bitget,BNB/USDT,2022-11-11T19:25:56.779Z,0.93,20,287.45
287.99,61.715,287.03,31.165,Bitget,BNB/USDT,2022-11-11T19:25:56.779Z,0.96,20,287.45
288.01,0.3475,287.02,33.1379,Bitget,BNB/USDT,2022-11-11T19:25:56.779Z,0.99,20,287.56
288.02,23.8381,286.99,38.9852,Bitget,BNB/USDT,2022-11-11T19:25:56.779Z,1.03,20,287.87
288.03,2.4068,286.97,1.2259,Bitget,BNB/USDT,2022-11-11T19:25:56.779Z,1.06,20,287.87
288.04,0.693,286.96,33.3276,Bitget,BNB/USDT,2022-11-11T19:25:56.779Z,1.08,20,287.84
288.05,45.9585,286.93,157.8141,Bitget,BNB/USDT,2022-11-11T19:25:56.779Z,1.12,20,287.34
288.06,0.0141,286.9,31.5727,Bitget,BNB/USDT,2022-11-11T19:25:56.779Z,1.16,20,287.14
288.07,94.8093,286.87,27.345,Bitget,BNB/USDT,2022-11-11T19:25:56.779Z,1.2,20,287.22
287.64,0.15,287.46,0.22,BitMart,BNB/USDT,2022-11-11T19:26:08.879Z,0.18,20,285.94
287.65,0.58,287.45,0.57,BitMart,BNB/USDT,2022-11-11T19:26:08.879Z,0.2,20,286.15
287.67,0.32,287.43,0.26,BitMart,BNB/USDT,2022-11-11T19:26:08.879Z,0.24,20,286.04
287.68,0.18,287.42,0.37,BitMart,BNB/USDT,2022-11-11T19:26:08.879Z,0.26,20,286
287.69,0.58,287.41,0.3,BitMart,BNB/USDT,2022-11-11T19:26:08.879Z,0.28,20,286
287.71,0.41,287.39,0.5,BitMart,BNB/USDT,2022-11-11T19:26:08.879Z,0.32,20,287.26
287.72,0.22,287.38,0.28,BitMart,BNB/USDT,2022-11-11T19:26:08.879Z,0.34,20,286.9
287.74,0.59,287.36,0.48,BitMart,BNB/USDT,2022-11-11T19:26:08.879Z,0.38,20,286.5
287.75,0.2,287.35,0.43,BitMart,BNB/USDT,2022-11-11T19:26:08.879Z,0.4,20,286.5
287.77,0.48,287.34,0.18,BitMart,BNB/USDT,2022-11-11T19:26:08.879Z,0.43,20,286.8
287.78,0.29,287.32,0.46,BitMart,BNB/USDT,2022-11-11T19:26:08.879Z,0.46,20,287.3
287.79,0.42,287.31,0.24,BitMart,BNB/USDT,2022-11-11T19:26:08.879Z,0.48,20,287.64
287.81,0.17,287.29,0.4,BitMart,BNB/USDT,2022-11-11T19:26:08.879Z,0.52,20,287.59
287.82,0.42,287.28,0.43,BitMart,BNB/USDT,2022-11-11T19:26:08.879Z,0.54,20,287.74
287.84,0.18,287.26,0.6,BitMart,BNB/USDT,2022-11-11T19:26:08.879Z,0.58,20,287.63
287.85,0.26,287.25,0.17,BitMart,BNB/USDT,2022-11-11T19:26:08.879Z,0.6,20,287.6
287.87,0.33,287.24,0.15,BitMart,BNB/USDT,2022-11-11T19:26:08.879Z,0.63,20,287.59
287.88,0.44,287.22,0.31,BitMart,BNB/USDT,2022-11-11T19:26:08.879Z,0.66,20,287.8
287.9,0.2,287.21,0.57,BitMart,BNB/USDT,2022-11-11T19:26:08.879Z,0.69,20,287.3
287.91,0.51,287.19,0.39,BitMart,BNB/USDT,2022-11-11T19:26:08.879Z,0.72,20,287.3
287.66,0.0083,287.48,0.4242,Gate.io,BNB/USDT,2022-11-11T19:26:20.244Z,0.18,20,285.98
287.69,3.35827,287.44,0.1467,Gate.io,BNB/USDT,2022-11-11T19:26:20.244Z,0.25,20,285.97
287.72,0.1596,287.42,4.8142,Gate.io,BNB/USDT,2022-11-11T19:26:20.244Z,0.3,20,285.8
287.9,3.6314,287.35,0.1658,Gate.io,BNB/USDT,2022-11-11T19:26:20.244Z,0.55,20,286.11
287.99,4.8142,287.28,0.1576,Gate.io,BNB/USDT,2022-11-11T19:26:20.244Z,0.71,20,287.03
288.06,14.2945,287.27,3.6227,Gate.io,BNB/USDT,2022-11-11T19:26:20.244Z,0.79,20,286.94
288.07,0.0069,287.24,0.0042,Gate.io,BNB/USDT,2022-11-11T19:26:20.244Z,0.83,20,286.49
288.09,11.2737,287.22,5.144,Gate.io,BNB/USDT,2022-11-11T19:26:20.244Z,0.87,20,286.58
288.1,0.0088,287.2,9.6923,Gate.io,BNB/USDT,2022-11-11T19:26:20.244Z,0.9,20,287.04
288.1845,1.416,287.16,0.1573,Gate.io,BNB/USDT,2022-11-11T19:26:20.244Z,1.0245,20,287.06
288.28,0.0067,287.0343,0.328,Gate.io,BNB/USDT,2022-11-11T19:26:20.244Z,1.2457,20,287.4
288.33,0.2,287.03,14.2945,Gate.io,BNB/USDT,2022-11-11T19:26:20.244Z,1.3,20,287.4
288.34,19.961,286.98,3.6349,Gate.io,BNB/USDT,2022-11-11T19:26:20.244Z,1.36,20,287.54
288.46,0.9289,286.96,19.961,Gate.io,BNB/USDT,2022-11-11T19:26:20.244Z,1.5,20,287.68
288.48,1.707,286.88,27.8862,Gate.io,BNB/USDT,2022-11-11T19:26:20.244Z,1.6,20,287.48
288.52,0.004,286.77,6.9599,Gate.io,BNB/USDT,2022-11-11T19:26:20.244Z,1.75,20,287.39
288.57,0.0114,286.76,1.749,Gate.io,BNB/USDT,2022-11-11T19:26:20.244Z,1.81,20,287.39
288.61,6,286.64,12.3888,Gate.io,BNB/USDT,2022-11-11T19:26:20.244Z,1.97,20,287.35
288.66,58.2787,286.58,1.566,Gate.io,BNB/USDT,2022-11-11T19:26:20.244Z,2.08,20,287.32
288.71,20.0162,286.55,0.058,Gate.io,BNB/USDT,2022-11-11T19:26:20.244Z,2.16,20,287.56
287.74,2.0563,287.4,0.3479,Bitget,BNB/USDT,2022-11-11T19:26:32.416Z,0.34,20,286
287.77,3.355,287.37,0.3479,Bitget,BNB/USDT,2022-11-11T19:26:32.416Z,0.4,20,286
287.79,0.7254,287.32,0.348,Bitget,BNB/USDT,2022-11-11T19:26:32.416Z,0.47,20,285.89
287.8,0.3477,287.28,5.8648,Bitget,BNB/USDT,2022-11-11T19:26:32.416Z,0.52,20,286.03
287.83,0.3477,287.27,0.42,Bitget,BNB/USDT,2022-11-11T19:26:32.416Z,0.56,20,286.88
287.85,0.3476,287.25,4.9364,Bitget,BNB/USDT,2022-11-11T19:26:32.416Z,0.6,20,286.79
287.86,3.3247,287.23,68.6001,Bitget,BNB/USDT,2022-11-11T19:26:32.416Z,0.63,20,286.57
287.87,58.7941,287.21,1.5833,Bitget,BNB/USDT,2022-11-11T19:26:32.416Z,0.66,20,286.54
287.89,0.3476,287.2,2.4068,Bitget,BNB/USDT,2022-11-11T19:26:32.416Z,0.69,20,286.82
287.96,3.4961,287.18,0.3482,Bitget,BNB/USDT,2022-11-11T19:26:32.416Z,0.78,20,287.36
287.97,44.848,287.17,3.4927,Bitget,BNB/USDT,2022-11-11T19:26:32.416Z,0.8,20,287.45
287.98,30.6651,287.16,32.7515,Bitget,BNB/USDT,2022-11-11T19:26:32.416Z,0.82,20,287.45
288.01,37.2923,287.13,110.2541,Bitget,BNB/USDT,2022-11-11T19:26:32.416Z,0.88,20,287.56
288.02,0.0593,287.11,0.3483,Bitget,BNB/USDT,2022-11-11T19:26:32.416Z,0.91,20,287.87
288.04,23.4572,287.1,29.527,Bitget,BNB/USDT,2022-11-11T19:26:32.416Z,0.94,20,287.87
288.06,15.6591,287.07,34.838,Bitget,BNB/USDT,2022-11-11T19:26:32.416Z,0.99,20,287.84
288.07,107.1134,287.06,3.5864,Bitget,BNB/USDT,2022-11-11T19:26:32.416Z,1.01,20,287.34
288.1,37.6832,287.05,0.3483,Bitget,BNB/USDT,2022-11-11T19:26:32.416Z,1.05,20,287.14
288.11,2.4068,287.04,38.4958,Bitget,BNB/USDT,2022-11-11T19:26:32.416Z,1.07,20,287.22
288.13,30.4754,287.03,32.2688,Bitget,BNB/USDT,2022-11-11T19:26:32.416Z,1.1,20,287.33
287.64,0.6,287.46,0.28,BitMart,BNB/USDT,2022-11-11T19:26:44.848Z,0.18,20,286.15
287.65,0.62,287.45,0.61,BitMart,BNB/USDT,2022-11-11T19:26:44.848Z,0.2,20,286.04
287.67,0.34,287.43,0.61,BitMart,BNB/USDT,2022-11-11T19:26:44.848Z,0.24,20,286
287.68,0.35,287.42,0.51,BitMart,BNB/USDT,2022-11-11T19:26:44.848Z,0.26,20,286
287.69,0.27,287.41,0.21,BitMart,BNB/USDT,2022-11-11T19:26:44.848Z,0.28,20,287.26
287.71,0.21,287.39,0.29,BitMart,BNB/USDT,2022-11-11T19:26:44.848Z,0.32,20,286.9
287.72,0.52,287.38,0.52,BitMart,BNB/USDT,2022-11-11T19:26:44.848Z,0.34,20,286.5
287.74,0.59,287.36,0.48,BitMart,BNB/USDT,2022-11-11T19:26:44.848Z,0.38,20,286.5
287.75,0.2,287.35,0.43,BitMart,BNB/USDT,2022-11-11T19:26:44.848Z,0.4,20,286.8
287.77,0.48,287.34,0.18,BitMart,BNB/USDT,2022-11-11T19:26:44.848Z,0.43,20,287.3
287.78,0.29,287.32,0.46,BitMart,BNB/USDT,2022-11-11T19:26:44.848Z,0.46,20,287.64
287.79,0.42,287.31,0.24,BitMart,BNB/USDT,2022-11-11T19:26:44.848Z,0.48,20,287.59
287.81,0.17,287.29,0.4,BitMart,BNB/USDT,2022-11-11T19:26:44.848Z,0.52,20,287.74
287.82,0.42,287.28,0.43,BitMart,BNB/USDT,2022-11-11T19:26:44.848Z,0.54,20,287.63
287.84,0.18,287.26,0.6,BitMart,BNB/USDT,2022-11-11T19:26:44.848Z,0.58,20,287.6
287.85,0.26,287.25,0.17,BitMart,BNB/USDT,2022-11-11T19:26:44.848Z,0.6,20,287.59
287.87,0.33,287.24,0.15,BitMart,BNB/USDT,2022-11-11T19:26:44.848Z,0.63,20,287.8
287.88,0.44,287.22,0.31,BitMart,BNB/USDT,2022-11-11T19:26:44.848Z,0.66,20,287.3
287.89,0.57,287.2,0.28,BitMart,BNB/USDT,2022-11-11T19:26:44.848Z,0.69,20,287.3
287.91,0.55,287.19,0.42,BitMart,BNB/USDT,2022-11-11T19:26:44.848Z,0.72,20,287.5
287.93,0.1618,287.7,0.4242,Gate.io,BNB/USDT,2022-11-11T19:26:56.397Z,0.23,20,285.98
288.07,0.0069,287.67,0.0068,Gate.io,BNB/USDT,2022-11-11T19:26:56.397Z,0.4,20,285.97
288.08,0.4284,287.66,4.8225,Gate.io,BNB/USDT,2022-11-11T19:26:56.397Z,0.42,20,285.8
288.09,9.7076,287.65,0.1653,Gate.io,BNB/USDT,2022-11-11T19:26:56.397Z,0.44,20,286.11
288.1,3.6383,287.58,0.1575,Gate.io,BNB/USDT,2022-11-11T19:26:56.397Z,0.52,20,287.03
288.14,4.8142,287.57,0.1499,Gate.io,BNB/USDT,2022-11-11T19:26:56.397Z,0.57,20,286.94
288.2022,1.632,287.56,9.6923,Gate.io,BNB/USDT,2022-11-11T19:26:56.397Z,0.6422,20,286.49
288.28,0.0067,287.51,0.1469,Gate.io,BNB/USDT,2022-11-11T19:26:56.397Z,0.77,20,286.58
288.31,1.732,287.39,3.6225,Gate.io,BNB/USDT,2022-11-11T19:26:56.397Z,0.92,20,287.04
288.32,14.2945,287.38,5,Gate.io,BNB/USDT,2022-11-11T19:26:56.397Z,0.94,20,287.06
288.33,0.2,287.35,0.35,Gate.io,BNB/USDT,2022-11-11T19:26:56.397Z,0.98,20,287.4
288.34,19.961,287.29,14.2945,Gate.io,BNB/USDT,2022-11-11T19:26:56.397Z,1.05,20,287.4
288.39,1.5644,287.26,1.718,Gate.io,BNB/USDT,2022-11-11T19:26:56.397Z,1.13,20,287.54
288.46,0.9289,287.25,19.961,Gate.io,BNB/USDT,2022-11-11T19:26:56.397Z,1.21,20,287.68
288.52,0.004,287.18,3.6313,Gate.io,BNB/USDT,2022-11-11T19:26:56.397Z,1.34,20,287.48
288.57,0.0114,287.16,6.9505,Gate.io,BNB/USDT,2022-11-11T19:26:56.397Z,1.41,20,287.39
288.66,58.3287,287.04,6.9505,Gate.io,BNB/USDT,2022-11-11T19:26:56.397Z,1.62,20,287.39
288.77,0.009,287.0226,0.472,Gate.io,BNB/USDT,2022-11-11T19:26:56.397Z,1.7474,20,287.35
288.84,5,286.88,27.8862,Gate.io,BNB/USDT,2022-11-11T19:26:56.397Z,1.96,20,287.32
288.88,1.5272,286.81,1.5652,Gate.io,BNB/USDT,2022-11-11T19:26:56.397Z,2.07,20,287.56
288.02,0.0593,287.8,1.5833,Bitget,BNB/USDT,2022-11-11T19:27:08.389Z,0.22,20,286
288.06,0.0141,287.75,0.3475,Bitget,BNB/USDT,2022-11-11T19:27:08.389Z,0.31,20,285.89
288.16,22.3187,287.73,28.5387,Bitget,BNB/USDT,2022-11-11T19:27:08.389Z,0.43,20,286.03
288.17,13.4828,287.63,71.7216,Bitget,BNB/USDT,2022-11-11T19:27:08.389Z,0.54,20,286.88
288.23,20.575,287.62,0.3476,Bitget,BNB/USDT,2022-11-11T19:27:08.389Z,0.61,20,286.79
288.24,0.3472,287.58,9.105,Bitget,BNB/USDT,2022-11-11T19:27:08.389Z,0.66,20,286.57
288.25,0.4241,287.57,33.084,Bitget,BNB/USDT,2022-11-11T19:27:08.389Z,0.68,20,286.54
288.26,0.3472,287.56,1.208,Bitget,BNB/USDT,2022-11-11T19:27:08.389Z,0.7,20,286.82
288.27,36.5987,287.55,0.3477,Bitget,BNB/USDT,2022-11-11T19:27:08.389Z,0.72,20,287.36
288.32,0.42,287.54,38.5769,Bitget,BNB/USDT,2022-11-11T19:27:08.389Z,0.78,20,287.45
288.33,0.0262,287.53,15.4891,Bitget,BNB/USDT,2022-11-11T19:27:08.389Z,0.8,20,287.45
288.35,1.3464,287.51,30.2428,Bitget,BNB/USDT,2022-11-11T19:27:08.389Z,0.84,20,287.56
288.36,6.5568,287.49,4.7743,Bitget,BNB/USDT,2022-11-11T19:27:08.389Z,0.87,20,287.87
288.37,17.7286,287.48,25.3044,Bitget,BNB/USDT,2022-11-11T19:27:08.389Z,0.89,20,287.87
288.39,49.7196,287.45,39.1451,Bitget,BNB/USDT,2022-11-11T19:27:08.389Z,0.94,20,287.84
288.4,0.0063,287.43,62.0289,Bitget,BNB/USDT,2022-11-11T19:27:08.389Z,0.97,20,287.34
288.41,0.0021,287.42,30.6216,Bitget,BNB/USDT,2022-11-11T19:27:08.389Z,0.99,20,287.14
288.42,30.2246,287.41,0.3479,Bitget,BNB/USDT,2022-11-11T19:27:08.389Z,1.01,20,287.22
288.44,9.5954,287.4,0.6693,Bitget,BNB/USDT,2022-11-11T19:27:08.389Z,1.04,20,287.33
288.45,36.1146,287.39,41.7323,Bitget,BNB/USDT,2022-11-11T19:27:08.389Z,1.06,20,287.84
287.84,0.5,287.66,0.44,BitMart,BNB/USDT,2022-11-11T19:27:21.583Z,0.18,20,286.15
287.85,0.49,287.65,0.42,BitMart,BNB/USDT,2022-11-11T19:27:21.583Z,0.2,20,286.04
287.87,0.5,287.63,0.4,BitMart,BNB/USDT,2022-11-11T19:27:21.583Z,0.24,20,286
287.88,0.22,287.62,0.49,BitMart,BNB/USDT,2022-11-11T19:27:21.583Z,0.26,20,286
287.89,0.51,287.61,0.36,BitMart,BNB/USDT,2022-11-11T19:27:21.583Z,0.28,20,287.26
287.91,0.29,287.59,0.4,BitMart,BNB/USDT,2022-11-11T19:27:21.583Z,0.32,20,286.9
287.92,0.29,287.58,0.33,BitMart,BNB/USDT,2022-11-11T19:27:21.583Z,0.34,20,286.5
287.94,0.18,287.56,0.6,BitMart,BNB/USDT,2022-11-11T19:27:21.583Z,0.38,20,286.5
287.95,0.26,287.55,0.53,BitMart,BNB/USDT,2022-11-11T19:27:21.583Z,0.4,20,286.8
287.97,0.52,287.53,0.32,BitMart,BNB/USDT,2022-11-11T19:27:21.583Z,0.44,20,287.3
287.98,0.38,287.52,0.18,BitMart,BNB/USDT,2022-11-11T19:27:21.583Z,0.46,20,287.64
287.99,0.57,287.5,0.58,BitMart,BNB/USDT,2022-11-11T19:27:21.583Z,0.49,20,287.59
288.01,0.29,287.49,0.37,BitMart,BNB/USDT,2022-11-11T19:27:21.583Z,0.52,20,287.74
288.02,0.61,287.48,0.47,BitMart,BNB/USDT,2022-11-11T19:27:21.583Z,0.54,20,287.63
288.04,0.41,287.46,0.47,BitMart,BNB/USDT,2022-11-11T19:27:21.583Z,0.58,20,287.6
288.05,0.46,287.45,0.48,BitMart,BNB/USDT,2022-11-11T19:27:21.583Z,0.6,20,287.59
288.07,0.25,287.43,0.45,BitMart,BNB/USDT,2022-11-11T19:27:21.583Z,0.64,20,287.8
288.08,0.5,287.42,0.59,BitMart,BNB/USDT,2022-11-11T19:27:21.583Z,0.66,20,287.3
288.1,0.32,287.4,0.15,BitMart,BNB/USDT,2022-11-11T19:27:21.583Z,0.7,20,287.3
288.11,0.34,287.39,0.23,BitMart,BNB/USDT,2022-11-11T19:27:21.583Z,0.72,20,287.5
287.64,0.4242,287.45,4.8142,Gate.io,BNB/USDT,2022-11-11T19:27:32.069Z,0.19,20,285.97
287.65,20.052,287.39,9.6923,Gate.io,BNB/USDT,2022-11-11T19:27:32.069Z,0.26,20,285.8
287.66,0.0083,287.36,0.1693,Gate.io,BNB/USDT,2022-11-11T19:27:32.069Z,0.3,20,286.11
287.8,3.6316,287.35,0.35,Gate.io,BNB/USDT,2022-11-11T19:27:32.069Z,0.45,20,287.03
287.82,4.8142,287.25,19.961,Gate.io,BNB/USDT,2022-11-11T19:27:32.069Z,0.57,20,286.94
287.92,9.6923,287.24,0.0042,Gate.io,BNB/USDT,2022-11-11T19:27:32.069Z,0.68,20,286.49
287.93,0.1422,287.1,3.6328,Gate.io,BNB/USDT,2022-11-11T19:27:32.069Z,0.83,20,286.58
287.99,0.1634,286.96,14.2945,Gate.io,BNB/USDT,2022-11-11T19:27:32.069Z,1.03,20,287.04
288.03,1.766,286.9501,1.36,Gate.io,BNB/USDT,2022-11-11T19:27:32.069Z,1.0799,20,287.06
288.07,0.1494,286.91,1.564,Gate.io,BNB/USDT,2022-11-11T19:27:32.069Z,1.16,20,287.4
288.09,0.0153,286.9,27.8842,Gate.io,BNB/USDT,2022-11-11T19:27:32.069Z,1.19,20,287.4
288.1,0.0088,286.88,57.7935,Gate.io,BNB/USDT,2022-11-11T19:27:32.069Z,1.22,20,287.54
288.12,14.2945,286.8,5.4296,Gate.io,BNB/USDT,2022-11-11T19:27:32.069Z,1.32,20,287.68
288.13,0.1702,286.66,6.9626,Gate.io,BNB/USDT,2022-11-11T19:27:32.069Z,1.47,20,287.48
288.19,1.565,286.56,6.9626,Gate.io,BNB/USDT,2022-11-11T19:27:32.069Z,1.63,20,287.39
288.1956,1.552,286.55,6.381,Gate.io,BNB/USDT,2022-11-11T19:27:32.069Z,1.6456,20,287.39
288.25,6.9623,286.48,3.631,Gate.io,BNB/USDT,2022-11-11T19:27:32.069Z,1.77,20,287.35
288.28,0.0067,286.37,0.0119,Gate.io,BNB/USDT,2022-11-11T19:27:32.069Z,1.91,20,287.32
288.33,0.2,286.34,38.6014,Gate.io,BNB/USDT,2022-11-11T19:27:32.069Z,1.99,20,287.56
288.38,19.961,286.2,18,Gate.io,BNB/USDT,2022-11-11T19:27:32.069Z,2.18,20,287.66
287.52,0.6104,287.13,0.3482,Bitget,BNB/USDT,2022-11-11T19:27:44.630Z,0.39,20,286
287.55,0.996,287.1,0.3483,Bitget,BNB/USDT,2022-11-11T19:27:44.630Z,0.45,20,285.89
287.56,0.348,287.07,0.3483,Bitget,BNB/USDT,2022-11-11T19:27:44.630Z,0.49,20,286.03
287.57,42.567,287.06,0.3483,Bitget,BNB/USDT,2022-11-11T19:27:44.630Z,0.51,20,286.88
287.64,0.425,287.04,0.3483,Bitget,BNB/USDT,2022-11-11T19:27:44.630Z,0.6,20,286.79
287.65,0.987,287.03,11.3192,Bitget,BNB/USDT,2022-11-11T19:27:44.630Z,0.62,20,286.57
287.67,76.0122,286.95,0.7916,Bitget,BNB/USDT,2022-11-11T19:27:44.630Z,0.72,20,286.54
287.71,9.0585,286.94,1.3447,Bitget,BNB/USDT,2022-11-11T19:27:44.630Z,0.77,20,286.82
287.74,39.4217,286.93,45.6291,Bitget,BNB/USDT,2022-11-11T19:27:44.630Z,0.81,20,287.36
287.75,5.9054,286.92,0.3485,Bitget,BNB/USDT,2022-11-11T19:27:44.630Z,0.83,20,287.45
287.77,146.259,286.91,37.1437,Bitget,BNB/USDT,2022-11-11T19:27:44.630Z,0.86,20,287.45
287.8,27.4623,286.9,6.0076,Bitget,BNB/USDT,2022-11-11T19:27:44.630Z,0.9,20,287.56
287.81,31.4761,286.88,26.8928,Bitget,BNB/USDT,2022-11-11T19:27:44.630Z,0.93,20,287.87
287.83,37.1437,286.85,26.3233,Bitget,BNB/USDT,2022-11-11T19:27:44.630Z,0.98,20,287.87
287.86,33.7267,286.83,208.8537,Bitget,BNB/USDT,2022-11-11T19:27:44.630Z,1.03,20,287.84
287.87,73.458,286.82,24.3166,Bitget,BNB/USDT,2022-11-11T19:27:44.630Z,1.05,20,287.34
287.89,34.7816,286.81,4.7661,Bitget,BNB/USDT,2022-11-11T19:27:44.630Z,1.08,20,287.14
287.9,0.3476,286.79,33.5369,Bitget,BNB/USDT,2022-11-11T19:27:44.630Z,1.11,20,287.22
287.91,0.3476,286.76,28.0179,Bitget,BNB/USDT,2022-11-11T19:27:44.630Z,1.15,20,287.33
287.92,39.7076,286.74,9.5954,Bitget,BNB/USDT,2022-11-11T19:27:44.630Z,1.18,20,287.17
287.44,0.49,287.26,0.18,BitMart,BNB/USDT,2022-11-11T19:27:57.466Z,0.18,20,286.04
287.45,0.3,287.25,0.41,BitMart,BNB/USDT,2022-11-11T19:27:57.466Z,0.2,20,286
287.46,0.22,287.24,0.37,BitMart,BNB/USDT,2022-11-11T19:27:57.466Z,0.22,20,286
287.48,0.31,287.22,0.54,BitMart,BNB/USDT,2022-11-11T19:27:57.466Z,0.26,20,287.26
287.49,0.49,287.21,0.37,BitMart,BNB/USDT,2022-11-11T19:27:57.466Z,0.28,20,286.9
287.51,0.37,287.19,0.16,BitMart,BNB/USDT,2022-11-11T19:27:57.466Z,0.32,20,286.5
287.52,0.56,287.18,0.19,BitMart,BNB/USDT,2022-11-11T19:27:57.466Z,0.34,20,286.5
287.54,0.48,287.16,0.23,BitMart,BNB/USDT,2022-11-11T19:27:57.466Z,0.38,20,286.8
287.55,0.54,287.15,0.27,BitMart,BNB/USDT,2022-11-11T19:27:57.466Z,0.4,20,287.3
287.56,0.3,287.14,0.5,BitMart,BNB/USDT,2022-11-11T19:27:57.466Z,0.42,20,287.64
287.58,0.21,287.12,0.6,BitMart,BNB/USDT,2022-11-11T19:27:57.466Z,0.46,20,287.59
287.59,0.34,287.11,0.15,BitMart,BNB/USDT,2022-11-11T19:27:57.466Z,0.48,20,287.74
287.61,0.18,287.09,0.23,BitMart,BNB/USDT,2022-11-11T19:27:57.466Z,0.52,20,287.63
287.62,0.18,287.08,0.36,BitMart,BNB/USDT,2022-11-11T19:27:57.466Z,0.54,20,287.6
287.64,0.53,287.06,0.24,BitMart,BNB/USDT,2022-11-11T19:27:57.466Z,0.58,20,287.59
287.65,0.41,287.05,0.48,BitMart,BNB/USDT,2022-11-11T19:27:57.466Z,0.6,20,287.8
287.67,0.56,287.03,0.44,BitMart,BNB/USDT,2022-11-11T19:27:57.466Z,0.64,20,287.3
287.68,0.61,287.02,0.23,BitMart,BNB/USDT,2022-11-11T19:27:57.466Z,0.66,20,287.3
287.69,0.59,287.01,0.45,BitMart,BNB/USDT,2022-11-11T19:27:57.466Z,0.68,20,287.5
287.71,0.59,286.99,0.26,BitMart,BNB/USDT,2022-11-11T19:27:57.466Z,0.72,20,287.6
287.66,0.0042,287.6,0.1472,Gate.io,BNB/USDT,2022-11-11T19:28:08.049Z,0.06,20,285.8
287.9,0.4242,287.59,0.1456,Gate.io,BNB/USDT,2022-11-11T19:28:08.049Z,0.31,20,286.11
287.93,0.1422,287.46,0.4242,Gate.io,BNB/USDT,2022-11-11T19:28:08.049Z,0.47,20,287.03
287.99,0.1634,287.45,0.1687,Gate.io,BNB/USDT,2022-11-11T19:28:08.049Z,0.54,20,286.94
288,3.6312,287.37,0.1501,Gate.io,BNB/USDT,2022-11-11T19:28:08.049Z,0.63,20,286.49
288.07,0.1494,287.3,0.1723,Gate.io,BNB/USDT,2022-11-11T19:28:08.049Z,0.77,20,286.58
288.09,9.7076,287.29,4.8142,Gate.io,BNB/USDT,2022-11-11T19:28:08.049Z,0.8,20,287.04
288.1,0.0088,287.26,1.766,Gate.io,BNB/USDT,2022-11-11T19:28:08.049Z,0.84,20,287.06
288.12,4.8142,287.24,0.0083,Gate.io,BNB/USDT,2022-11-11T19:28:08.049Z,0.88,20,287.4
288.13,0.1702,287.17,8.784,Gate.io,BNB/USDT,2022-11-11T19:28:08.049Z,0.96,20,287.4
288.1753,1.304,287.15,3.627,Gate.io,BNB/USDT,2022-11-11T19:28:08.049Z,1.0253,20,287.54
288.19,1.766,287.13,14.2945,Gate.io,BNB/USDT,2022-11-11T19:28:08.049Z,1.06,20,287.68
288.27,14.2945,287.12,17.5912,Gate.io,BNB/USDT,2022-11-11T19:28:08.049Z,1.15,20,287.48
288.28,0.0067,287.1,9.6923,Gate.io,BNB/USDT,2022-11-11T19:28:08.049Z,1.18,20,287.39
288.33,1.939,287.09,26.9132,Gate.io,BNB/USDT,2022-11-11T19:28:08.049Z,1.24,20,287.39
288.43,1.5641,287.03,1.727,Gate.io,BNB/USDT,2022-11-11T19:28:08.049Z,1.4,20,287.35
288.46,0.9289,287.01,21.3931,Gate.io,BNB/USDT,2022-11-11T19:28:08.049Z,1.45,20,287.32
288.48,19.961,286.9821,0.968,Gate.io,BNB/USDT,2022-11-11T19:28:08.049Z,1.4979,20,287.56
288.52,0.004,286.96,6.9534,Gate.io,BNB/USDT,2022-11-11T19:28:08.049Z,1.56,20,287.17
288.57,0.0114,286.92,1.5641,Gate.io,BNB/USDT,2022-11-11T19:28:08.049Z,1.65,20,287.47
287.94,11.4274,287.56,0.3477,Bitget,BNB/USDT,2022-11-11T19:28:20.599Z,0.38,20,285.89
287.97,18.6448,287.53,0.3477,Bitget,BNB/USDT,2022-11-11T19:28:20.599Z,0.44,20,286.03
287.98,0.3475,287.49,0.3478,Bitget,BNB/USDT,2022-11-11T19:28:20.599Z,0.49,20,286.88
288,0.3475,287.44,0.3479,Bitget,BNB/USDT,2022-11-11T19:28:20.599Z,0.56,20,286.79
288.02,0.0593,287.43,8.0744,Bitget,BNB/USDT,2022-11-11T19:28:20.599Z,0.59,20,286.57
288.04,0.3474,287.42,1.3039,Bitget,BNB/USDT,2022-11-11T19:28:20.599Z,0.62,20,286.54
288.06,0.0141,287.36,6.5201,Bitget,BNB/USDT,2022-11-11T19:28:20.599Z,0.7,20,286.82
288.07,70.981,287.34,26.07,Bitget,BNB/USDT,2022-11-11T19:28:20.599Z,0.73,20,287.36
288.1,0.3473,287.33,22.1136,Bitget,BNB/USDT,2022-11-11T19:28:20.599Z,0.77,20,287.45
288.12,3.7066,287.31,26.7055,Bitget,BNB/USDT,2022-11-11T19:28:20.599Z,0.81,20,287.45
288.14,13.7494,287.3,4.7661,Bitget,BNB/USDT,2022-11-11T19:28:20.599Z,0.84,20,287.56
288.15,1.4751,287.28,24.3673,Bitget,BNB/USDT,2022-11-11T19:28:20.599Z,0.87,20,287.87
288.16,22.4943,287.25,41.2444,Bitget,BNB/USDT,2022-11-11T19:28:20.599Z,0.91,20,287.87
288.17,41.3628,287.23,37.6096,Bitget,BNB/USDT,2022-11-11T19:28:20.599Z,0.94,20,287.84
288.19,33.4887,287.22,32.7305,Bitget,BNB/USDT,2022-11-11T19:28:20.599Z,0.97,20,287.34
288.2,5.9588,287.2,0.3481,Bitget,BNB/USDT,2022-11-11T19:28:20.599Z,1,20,287.14
288.22,35.3843,287.19,39.5546,Bitget,BNB/USDT,2022-11-11T19:28:20.599Z,1.03,20,287.22
288.23,0.4346,287.16,24.3899,Bitget,BNB/USDT,2022-11-11T19:28:20.599Z,1.07,20,287.33
288.24,5.4611,287.13,91.4765,Bitget,BNB/USDT,2022-11-11T19:28:20.599Z,1.11,20,287.17
288.25,32.1618,287.1,35.2162,Bitget,BNB/USDT,2022-11-11T19:28:20.599Z,1.15,20,287.53
287.54,0.43,287.36,0.29,BitMart,BNB/USDT,2022-11-11T19:28:32.843Z,0.18,20,286
287.55,0.17,287.35,0.46,BitMart,BNB/USDT,2022-11-11T19:28:32.843Z,0.2,20,286
287.56,0.35,287.34,0.45,BitMart,BNB/USDT,2022-11-11T19:28:32.843Z,0.22,20,287.26
287.58,0.61,287.32,0.32,BitMart,BNB/USDT,2022-11-11T19:28:32.843Z,0.26,20,286.9
287.59,0.36,287.3,0.55,BitMart,BNB/USDT,2022-11-11T19:28:32.843Z,0.29,20,286.5
287.61,0.28,287.29,0.52,BitMart,BNB/USDT,2022-11-11T19:28:32.843Z,0.32,20,286.5
287.62,0.38,287.28,0.61,BitMart,BNB/USDT,2022-11-11T19:28:32.843Z,0.34,20,286.8
287.64,0.19,287.26,0.34,BitMart,BNB/USDT,2022-11-11T19:28:32.843Z,0.38,20,287.3
287.65,0.32,287.25,0.25,BitMart,BNB/USDT,2022-11-11T19:28:32.843Z,0.4,20,287.64
287.67,0.58,287.23,0.16,BitMart,BNB/USDT,2022-11-11T19:28:32.843Z,0.44,20,287.59
287.68,0.35,287.22,0.22,BitMart,BNB/USDT,2022-11-11T19:28:32.843Z,0.46,20,287.74
287.69,0.3,287.2,0.26,BitMart,BNB/USDT,2022-11-11T19:28:32.843Z,0.49,20,287.63
287.71,0.44,287.19,0.55,BitMart,BNB/USDT,2022-11-11T19:28:32.843Z,0.52,20,287.6
287.72,0.2,287.18,0.53,BitMart,BNB/USDT,2022-11-11T19:28:32.843Z,0.54,20,287.59
287.74,0.57,287.16,0.6,BitMart,BNB/USDT,2022-11-11T19:28:32.843Z,0.58,20,287.8
287.75,0.61,287.15,0.47,BitMart,BNB/USDT,2022-11-11T19:28:32.843Z,0.6,20,287.3
287.77,0.56,287.13,0.2,BitMart,BNB/USDT,2022-11-11T19:28:32.843Z,0.64,20,287.3
287.78,0.15,287.12,0.19,BitMart,BNB/USDT,2022-11-11T19:28:32.843Z,0.66,20,287.5
287.79,0.36,287.11,0.19,BitMart,BNB/USDT,2022-11-11T19:28:32.843Z,0.68,20,287.6
287.81,0.4,287.09,0.23,BitMart,BNB/USDT,2022-11-11T19:28:32.843Z,0.72,20,287.6
287.89,5.512855595,287.66,0.0083,Gate.io,BNB/USDT,2022-11-11T19:28:43.911Z,0.23,20,285.8
287.97,9.6923,287.53,0.1678,Gate.io,BNB/USDT,2022-11-11T19:28:43.911Z,0.44,20,286.11
288.07,0.0029,287.49,0.4242,Gate.io,BNB/USDT,2022-11-11T19:28:43.911Z,0.58,20,287.03
288.08,14.2987,287.45,0.1736,Gate.io,BNB/USDT,2022-11-11T19:28:43.911Z,0.63,20,286.94
288.09,0.0153,287.41,4.8142,Gate.io,BNB/USDT,2022-11-11T19:28:43.911Z,0.68,20,286.49
288.1,0.0088,287.37,0.1501,Gate.io,BNB/USDT,2022-11-11T19:28:43.911Z,0.73,20,286.58
288.109,0.496,287.31,9.6923,Gate.io,BNB/USDT,2022-11-11T19:28:43.911Z,0.799,20,287.04
288.12,1.736,287.22,7,Gate.io,BNB/USDT,2022-11-11T19:28:43.911Z,0.9,20,287.06
288.23,19.961,287.21,3.6279,Gate.io,BNB/USDT,2022-11-11T19:28:43.911Z,1.02,20,287.4
288.27,1.747,287.18,3.632,Gate.io,BNB/USDT,2022-11-11T19:28:43.911Z,1.09,20,287.4
288.28,1.5717,287.17,14.2945,Gate.io,BNB/USDT,2022-11-11T19:28:43.911Z,1.11,20,287.54
288.33,0.2,287.07,1.764,Gate.io,BNB/USDT,2022-11-11T19:28:43.911Z,1.26,20,287.68
288.46,0.9289,287.05,19.961,Gate.io,BNB/USDT,2022-11-11T19:28:43.911Z,1.41,20,287.48
288.52,0.004,287.0317,0.36,Gate.io,BNB/USDT,2022-11-11T19:28:43.911Z,1.4883,20,287.39
288.56,6.957,286.98,1.709,Gate.io,BNB/USDT,2022-11-11T19:28:43.911Z,1.58,20,287.39
288.57,0.0114,286.9,1.724,Gate.io,BNB/USDT,2022-11-11T19:28:43.911Z,1.67,20,287.35
288.6,6,286.87,6.9575,Gate.io,BNB/USDT,2022-11-11T19:28:43.911Z,1.73,20,287.32
288.65,58.3287,286.83,5.4391,Gate.io,BNB/USDT,2022-11-11T19:28:43.911Z,1.82,20,287.56
288.77,0.009,286.74,27.8998,Gate.io,BNB/USDT,2022-11-11T19:28:43.911Z,2.03,20,287.17
288.85,28.0986,286.71,1.565,Gate.io,BNB/USDT,2022-11-11T19:28:43.911Z,2.14,20,287.47
287.81,2.871,287.46,0.3478,Bitget,BNB/USDT,2022-11-11T19:28:55.778Z,0.35,20,285.89
287.84,4.6842,287.43,0.3479,Bitget,BNB/USDT,2022-11-11T19:28:55.778Z,0.41,20,286.03
287.87,12.327,287.4,0.3479,Bitget,BNB/USDT,2022-11-11T19:28:55.778Z,0.47,20,286.88
287.95,0.3762,287.36,0.348,Bitget,BNB/USDT,2022-11-11T19:28:55.778Z,0.59,20,286.79
287.96,0.3475,287.33,20.6187,Bitget,BNB/USDT,2022-11-11T19:28:55.778Z,0.63,20,286.57
287.97,86.1399,287.32,1.3219,Bitget,BNB/USDT,2022-11-11T19:28:55.778Z,0.65,20,286.54
288,0.0267,287.28,0.348,Bitget,BNB/USDT,2022-11-11T19:28:55.778Z,0.72,20,286.82
288.01,5.8123,287.27,13.6977,Bitget,BNB/USDT,2022-11-11T19:28:55.778Z,0.74,20,287.36
288.02,0.0593,287.26,0.9382,Bitget,BNB/USDT,2022-11-11T19:28:55.778Z,0.76,20,287.45
288.04,8.9892,287.25,2.4068,Bitget,BNB/USDT,2022-11-11T19:28:55.778Z,0.79,20,287.45
288.05,24.6742,287.24,4.7661,Bitget,BNB/USDT,2022-11-11T19:28:55.778Z,0.81,20,287.56
288.06,4.7661,287.23,68.3338,Bitget,BNB/USDT,2022-11-11T19:28:55.778Z,0.83,20,287.87
288.07,34.239,287.22,34.6371,Bitget,BNB/USDT,2022-11-11T19:28:55.778Z,0.85,20,287.87
288.08,66.3768,287.2,0.3481,Bitget,BNB/USDT,2022-11-11T19:28:55.778Z,0.88,20,287.84
288.1,1.2595,287.19,38.2422,Bitget,BNB/USDT,2022-11-11T19:28:55.778Z,0.91,20,287.34
288.11,32.5451,287.16,33.3098,Bitget,BNB/USDT,2022-11-11T19:28:55.778Z,0.95,20,287.14
288.14,35.3204,287.14,9.5954,Bitget,BNB/USDT,2022-11-11T19:28:55.778Z,1,20,287.22
288.17,101.7987,287.13,111.765,Bitget,BNB/USDT,2022-11-11T19:28:55.778Z,1.04,20,287.33
288.2,31.6032,287.12,1.2646,Bitget,BNB/USDT,2022-11-11T19:28:55.778Z,1.08,20,287.17
288.23,60.0317,287.11,3.5925,Bitget,BNB/USDT,2022-11-11T19:28:55.778Z,1.12,20,287.48
287.64,0.19,287.46,0.54,BitMart,BNB/USDT,2022-11-11T19:29:08.207Z,0.18,20,286
287.65,0.32,287.45,0.26,BitMart,BNB/USDT,2022-11-11T19:29:08.207Z,0.2,20,286
287.67,0.58,287.43,0.39,BitMart,BNB/USDT,2022-11-11T19:29:08.207Z,0.24,20,287.26
287.68,0.35,287.42,0.45,BitMart,BNB/USDT,2022-11-11T19:29:08.207Z,0.26,20,286.9
287.69,0.3,287.41,0.55,BitMart,BNB/USDT,2022-11-11T19:29:08.207Z,0.28,20,286.5
287.71,0.44,287.39,0.41,BitMart,BNB/USDT,2022-11-11T19:29:08.207Z,0.32,20,286.5
287.72,0.2,287.38,0.27,BitMart,BNB/USDT,2022-11-11T19:29:08.207Z,0.34,20,286.8
287.74,0.57,287.36,0.29,BitMart,BNB/USDT,2022-11-11T19:29:08.207Z,0.38,20,287.3
287.75,0.61,287.35,0.46,BitMart,BNB/USDT,2022-11-11T19:29:08.207Z,0.4,20,287.64
287.77,0.56,287.34,0.45,BitMart,BNB/USDT,2022-11-11T19:29:08.207Z,0.43,20,287.59
287.78,0.15,287.32,0.32,BitMart,BNB/USDT,2022-11-11T19:29:08.207Z,0.46,20,287.74
287.79,0.36,287.3,0.55,BitMart,BNB/USDT,2022-11-11T19:29:08.207Z,0.49,20,287.63
287.81,0.4,287.29,0.52,BitMart,BNB/USDT,2022-11-11T19:29:08.207Z,0.52,20,287.6
287.82,0.23,287.28,0.61,BitMart,BNB/USDT,2022-11-11T19:29:08.207Z,0.54,20,287.59
287.84,0.61,287.26,0.34,BitMart,BNB/USDT,2022-11-11T19:29:08.207Z,0.58,20,287.8
287.85,0.54,287.25,0.25,BitMart,BNB/USDT,2022-11-11T19:29:08.207Z,0.6,20,287.3
287.87,0.54,287.23,0.16,BitMart,BNB/USDT,2022-11-11T19:29:08.207Z,0.64,20,287.3
287.88,0.24,287.22,0.22,BitMart,BNB/USDT,2022-11-11T19:29:08.207Z,0.66,20,287.5
287.9,0.36,287.2,0.26,BitMart,BNB/USDT,2022-11-11T19:29:08.207Z,0.7,20,287.6
287.91,0.43,287.19,0.55,BitMart,BNB/USDT,2022-11-11T19:29:08.207Z,0.72,20,287.6
287.66,0.09663,287.41,0.4242,Gate.io,BNB/USDT,2022-11-11T19:29:19.519Z,0.25,20,286.11
287.72,1.75,287.37,0.1501,Gate.io,BNB/USDT,2022-11-11T19:29:19.519Z,0.35,20,287.03
287.77,4.8142,287.24,0.0042,Gate.io,BNB/USDT,2022-11-11T19:29:19.519Z,0.53,20,286.94
287.82,1.733,287.2,4.8142,Gate.io,BNB/USDT,2022-11-11T19:29:19.519Z,0.62,20,286.49
287.89,0.698655595,287.17,14.2945,Gate.io,BNB/USDT,2022-11-11T19:29:19.519Z,0.72,20,286.58
287.91,1.719,287.14,6,Gate.io,BNB/USDT,2022-11-11T19:29:19.519Z,0.77,20,287.04
287.97,9.6923,287.12,3.6326,Gate.io,BNB/USDT,2022-11-11T19:29:19.519Z,0.85,20,287.06
288.07,0.0029,287.1,9.6923,Gate.io,BNB/USDT,2022-11-11T19:29:19.519Z,0.97,20,287.4
288.08,14.2945,287.05,19.961,Gate.io,BNB/USDT,2022-11-11T19:29:19.519Z,1.03,20,287.4
288.09,0.0153,287,1.717,Gate.io,BNB/USDT,2022-11-11T19:29:19.519Z,1.09,20,287.54
288.1,0.0088,286.9841,0.944,Gate.io,BNB/USDT,2022-11-11T19:29:19.519Z,1.1159,20,287.68
288.11,1.5657,286.98,1.709,Gate.io,BNB/USDT,2022-11-11T19:29:19.519Z,1.13,20,287.48
288.191,1.496,286.92,27.8823,Gate.io,BNB/USDT,2022-11-11T19:29:19.519Z,1.271,20,287.39
288.23,19.961,286.73,6.9609,Gate.io,BNB/USDT,2022-11-11T19:29:19.519Z,1.5,20,287.39
288.28,0.0067,286.71,1.565,Gate.io,BNB/USDT,2022-11-11T19:29:19.519Z,1.57,20,287.35
288.32,6.7766,286.64,6.9609,Gate.io,BNB/USDT,2022-11-11T19:29:19.519Z,1.68,20,287.32
288.33,0.2,286.55,3.058,Gate.io,BNB/USDT,2022-11-11T19:29:19.519Z,1.78,20,287.56
288.4,1.6854,286.49,57.7935,Gate.io,BNB/USDT,2022-11-11T19:29:19.519Z,1.91,20,287.17
288.46,0.9289,286.37,0.0119,Gate.io,BNB/USDT,2022-11-11T19:29:19.519Z,2.09,20,287.47
288.52,0.004,286.32,38.6014,Gate.io,BNB/USDT,2022-11-11T19:29:19.519Z,2.2,20,287.6
287.74,1.723,287.36,12.4443,Bitget,BNB/USDT,2022-11-11T19:29:31.659Z,0.38,20,286.03
287.77,2.8112,287.33,20.3039,Bitget,BNB/USDT,2022-11-11T19:29:31.659Z,0.44,20,286.88
287.83,0.3477,287.29,0.348,Bitget,BNB/USDT,2022-11-11T19:29:31.659Z,0.54,20,286.79
287.85,10.5277,287.28,0.348,Bitget,BNB/USDT,2022-11-11T19:29:31.659Z,0.57,20,286.57
287.87,23.3303,287.25,0.42,Bitget,BNB/USDT,2022-11-11T19:29:31.659Z,0.62,20,286.54
287.9,0.3476,287.23,70.7117,Bitget,BNB/USDT,2022-11-11T19:29:31.659Z,0.67,20,286.82
287.91,8.3784,287.21,0.3481,Bitget,BNB/USDT,2022-11-11T19:29:31.659Z,0.7,20,287.36
287.94,4.7661,287.14,34.6508,Bitget,BNB/USDT,2022-11-11T19:29:31.659Z,0.8,20,287.45
287.96,46.7122,287.13,32.896,Bitget,BNB/USDT,2022-11-11T19:29:31.659Z,0.83,20,287.45
287.97,84.5985,287.12,1.3175,Bitget,BNB/USDT,2022-11-11T19:29:31.659Z,0.85,20,287.56
287.99,28.3993,287.11,34.2714,Bitget,BNB/USDT,2022-11-11T19:29:31.659Z,0.88,20,287.87
288,0.0267,287.08,31.995,Bitget,BNB/USDT,2022-11-11T19:29:31.659Z,0.92,20,287.87
288.01,25.7267,287.07,12.2935,Bitget,BNB/USDT,2022-11-11T19:29:31.659Z,0.94,20,287.84
288.02,31.5866,287.05,23.0794,Bitget,BNB/USDT,2022-11-11T19:29:31.659Z,0.97,20,287.34
288.05,41.6036,287.04,1.2447,Bitget,BNB/USDT,2022-11-11T19:29:31.659Z,1.01,20,287.14
288.06,0.6917,287.03,46.5419,Bitget,BNB/USDT,2022-11-11T19:29:31.659Z,1.03,20,287.22
288.07,70.7117,287.02,37.1405,Bitget,BNB/USDT,2022-11-11T19:29:31.659Z,1.05,20,287.33
288.08,36.5154,286.99,29.9084,Bitget,BNB/USDT,2022-11-11T19:29:31.659Z,1.09,20,287.17
288.1,1.3035,286.97,1.1692,Bitget,BNB/USDT,2022-11-11T19:29:31.659Z,1.13,20,287.48
288.11,22.8897,286.96,31.6057,Bitget,BNB/USDT,2022-11-11T19:29:31.659Z,1.15,20,287.43
287.84,0.55,287.66,0.55,BitMart,BNB/USDT,2022-11-11T19:29:43.422Z,0.18,20,286
287.85,0.32,287.65,0.61,BitMart,BNB/USDT,2022-11-11T19:29:43.422Z,0.2,20,287.26
287.87,0.48,287.63,0.44,BitMart,BNB/USDT,2022-11-11T19:29:43.422Z,0.24,20,286.9
287.88,0.33,287.62,0.49,BitMart,BNB/USDT,2022-11-11T19:29:43.422Z,0.26,20,286.5
287.9,0.33,287.61,0.5,BitMart,BNB/USDT,2022-11-11T19:29:43.422Z,0.29,20,286.5
287.91,0.43,287.59,0.22,BitMart,BNB/USDT,2022-11-11T19:29:43.422Z,0.32,20,286.8
287.92,0.57,287.58,0.27,BitMart,BNB/USDT,2022-11-11T19:29:43.422Z,0.34,20,287.3
287.94,0.32,287.56,0.59,BitMart,BNB/USDT,2022-11-11T19:29:43.422Z,0.38,20,287.64
